3270 4978
724 407 760 475 l7

580 673 610 737 4.
653 671 894 760 Ροίηεηηιίοίσπ.

274 806 381 872 Anah.
402 805 444 889 V,
468 807 495 889 l,
516 805 555 888 2,
577 806 606 889 6,
629 806 688 889 24,
709 806 739 888 8,
760 805 801 872 26
824 830 831 870 :
854 795 938 872 ἀλλὰ
959 799 1024 891 μὴν
1044 799 1150 872 καλόν
1170 830 1208 892 γε
1228 808 1285 872 καί

193 917 323 982 δίκαιον
350 915 406 979 καὶ
438 904 532 979 ὅσιον
551 914 607 980 καί
629 904 732 1000 ἣδιον.
784 913 860 998 VH,
884 914 912 999 7,
934 914 992 998 41,
1013 913 1055 978 46
1077 939 1084 978 :
1107 913 1164 1000 ἐμὲ
1185 913 1288 996 ἐδέξω

195 1014 297 1108 ηδέως
317 1023 374 1088 καὶ
395 1011 517 1106 ὄμμασι
537 1023 593 1087 καί
615 1026 702 1106 φονῖ,
724 1023 780 1088 καί
801 1024 930 1102 ξενίοις.

278 1131 396 1216 Cyrop.
418 1127 445 1210 I,
468 1130 499 1213 6,
520 1128 561 1193 27
584 1153 591 1194 :
615 1119 668 1194 ὅτι
690 1129 742 1194 δεῖ
763 1180 770 1195 .
794 1181 801 1195 .
824 1182 831 1196 .
851 1131 908 1195 καὶ
929 1121 1111 1211 ἐπίβουλον
1132 1126 1218 1198 είναι
1231 1133 1288 1197 καί

197 1241 380 1325 κρυψίνουν
410 1238 466 1302 καί
494 1230 635 1323 δολερὸν
660 1239 717 1303 καί
749 1227 930 1304 ἀπατεῶνα
963 1239 1019 1304 καί
1055 1238 1203 1325 κλέπτην
1232 1241 1288 1305 καί

194 1339 327 1432 άρπαχα
348 1347 405 1412 καὶ
426 1344 464 1411 έν
485 1347 587 1411 παντί
607 1345 815 1432 πλεονέκτην
835 1350 905 1412 τῶν
926 1349 1107 1432 πολεμίων.
1142 1345 1204 1430 ΙΠ,
1227 1346 1289 1430 3,8

194 1456 261 1540 (2),
283 1455 340 1537 35,
361 1454 418 1532 36,
440 1453 504 1518 44:
526 1446 671 1538 νῦνχάρ
691 1445 777 1538 ὑπὲρ
797 1458 990 1539 ψυχῶν...
1013 1444 1105 1540 ἀχών
1125 1456 1181 1521 καί
1202 1445 1288 1542 ὑπὲρ

192 1567 252 1648 γῆς
277 1611 283 1626 .
309 1614 314 1626 .
340 1613 346 1627 .
368 1563 423 1628 καὶ
445 1560 575 1628 οίκων.
600 1615 606 1627 .
630 1563 709 1628 καὶ
730 1552 816 1648 ὑπὲρ
836 1567 1003 1648 γυναικῶν
1023 1585 1061 1628 τε
1081 1565 1138 1630 καὶ
1158 1562 1290 1629 τέκνων

192 1672 249 1736 καὶ
270 1672 348 1755 περί
362 1663 505 1736 πάντων
525 1675 596 1736 κτλ.
627 1668 687 1755 IV,
709 1671 739 1754 2,
762 1672 819 1755 22,
840 1672 899 1755 20,
919 1672 948 1752 4,
970 1672 1028 1756 56,
1050 1673 1079 1754 5,
1101 1671 1152 1737 39.
1194 1670 1236 1754 V,
1257 1671 1288 1755 2,

193 1779 213 1843 9
229 1803 237 1844 :
253 1773 334 1864 μήτε
354 1772 506 1864 χρήματα
521 1773 632 1844 πολλὰ
646 1772 728 1864 μήτε
749 1781 929 1865 τυραννίδα
949 1775 1031 1866 μήτε
1053 1769 1145 1867 τείχη
1164 1773 1289 1866 ἐρυμνὰ

196 1881 278 1972 μήτε
299 1887 397 1952 τέκνα
427 1877 621 1972 ἀξίεραστα,
658 1889 704 1953 10.
748 1887 797 1953 VI
817 1889 847 1972 5,
868 1889 919 1955 20.
962 1889 1039 1972 VII,
1060 1890 1090 1972 5,
1114 1889 1154 1954 78
1176 1912 1184 1954 ι
1205 1881 1289 1954 θάλ-

198 2018 283 2072 πους
301 1994 362 2080 μὲν
383 1980 446 2061 οὖν
466 1997 522 2060 καί
543 1989 672 2080 ψύχους
692 1999 748 2062 καί
770 1999 873 2063 σίτων
886 1999 942 2064 καί
963 2002 1082 2064 ποτῶν
1095 1999 1150 2064 καί
1170 1991 1290 2063 πόνων

198 2105 254 2169 καὶ
281 2094 389 2170 ύπνου
418 2093 545 2190 ἀνάγκη
573 2105 629 2169 ’καί
658 2118 730 2182 τοῖς
758 2100 891 2182 δούλοις
919 2100 1141 2190 μεταδιδόναι.
1193 2102 1290 2188 VIII,

196 2213 226 2295 ε,
248 2212 299 2276 21.

279 2319 519 2385 Hellenicorum
542 2341 572 2405 p.
588 2319 615 2383 Ι.
658 2319 683 2402 Ι,
710 2323 737 2403 1,
762 2321 821 2386 14,
844 2310 898 2386 ὅτι
918 2310 1045 2406 ἀνάγκη
1066 2319 1117 2405 είη
1136 2320 1192 2385 καί
1213 2341 1290 2384 ναυ-

195 2440 313 2512 μαχεῖν
334 2430 391 2493 καί
411 2433 614 2512 πεζομαχεῖν
632 2430 689 2493 καὶ
710 2442 927 2514 τειχομαχεῖν.

280 2557 310 2621 p.
333 2535 377 2601 II.
420 2535 466 2616 II,
488 2537 519 2620 4,
542 2536 595 2619 14,
632 2537 669 2600 17
692 2561 699 2602 :
722 2541 783 2604 νῦν
804 2527 974 2604 ἀποδώσει
993 2537 1049 2602 καί
1069 2535 1214 2622 πατρίδα
1235 2537 1290 2601 καί

197 2642 312 2720 οἴκους
333 2646 388 2709 καί
410 2643 608 2730 ἐλευθερίαν
630 2645 687 2709 καὶ
708 2638 804 2730 τιμάς
825 2648 880 2712 καὶ
902 2646 1046 2722 παῖδας.
1065 2697 1070 2710 .
1089 2645 1291 2729 ,καὶγυναί
1350 2705 1352 2710 .

196 2775 278 2835 κας,
299 2751 359 2834 21,
381 2753 441 2835 22,
462 2753 512 2817 41.
554 2752 618 2835 III,
640 2753 671 2836 3,
693 2754 730 2836 6,
751 2752 782 2836 5,
806 2755 861 2837 12,
884 2755 933 2818 14.

280 2882 310 2945 p.
333 2858 395 2924 111.
437 2859 513 2942 VII,
538 2863 564 2942 l,
586 2862 645 2944 30,
667 2861 723 2942 38,
745 2862 775 2944 3,
796 2861 847 2926 6,
879 2854 1022 2938 τούτους
1050 2854 1216 2945 διώκομεν
1246 2849 1293 2936 ὡς

199 2956 446 3044 ἀνοσιωτάτους
466 2968 522 3032 καὶ
543 2956 772 3044 ἀδικωτάτους
793 2969 848 3032 καί
870 2956 1111 3052 ἀνομωτάτους
1131 2969 1187 3033 καί
1200 2971 1291 3033 πλεί-

198 3092 280 3140 στον
300 3068 339 3159 δὴ
360 3065 582 3161 ὑπεριδόντας
602 3078 662 3160 τῆς
683 3067 836 3159 πόλεως,
857 3075 908 3140 38.

629 3271 658 3334 5.
701 3269 857 3336 Erotem.

281 3401 387 3470 Anab.
410 3402 437 3487 I,
460 3403 490 3487 4,
515 3404 554 3469 14
575 3427 583 3468 :
605 3404 638 3468 τί
660 3387 723 3469 ούν
743 3397 871 3469 κελεύω
891 3405 1043 3488 ποιησαι,
1064 3401 1109 3485 11,
1130 3402 1161 3485 4,
1182 3401 1202 3465 3
1224 3401 1291 3486 (2),

200 3510 900 3595 6319;5‚10312317318(2);20;22.
942 3509 1210 3595 111‚1,17(2);
1236 3510 1291 3590 ιε;

198 3619 239 3684 28
263 3617 322 3703 (2).
372 3619 484 3704 IV,6,
509 3619 563 3704 14,
596 3619 649 3699 19,
683 3620 711 3698 7,
732 3619 785 3685 5:
818 3608 900 3684 άλλο
931 3641 963 3684 τι
993 3609 1012 3701 ί(
1043 3606 1143 3683 οὐδὲν
1170 3610 1293 3683 κωλύει

199 3728 369 3811 παριέναι,
393 3729 422 3792 6.
463 3727 506 3810 V,
528 3729 557 3811 6,
579 3728 616 3811 9,
640 3728 669 3806 7,
692 3728 728 3811 73
749 3727 856 3810 8(2),
878 3729 914 3810 9,
939 3727 977 3790 10
991 3725 1056 3810 (2),
1078 3725 1135 3808 26,
1155 3724 1220 3790 30:
1242 3726 1292 3801 τίς

202 3826 261 3918 γάρ
282 3829 436 3920 ἐθελήσει
456 3839 559 3920 κῆρυξ
579 3834 666 3900 ἰέναι
685 3827 840 3920 κήρυκαςΙ
855 3823 1070 3914 ἀπεκτονώς,
1092 3831 1150 3913 32,
1171 3831 1212 3896 33
1227 3831 1292 3915 (3),

201 3943 232 4023 8,
257 3943 309 4024 17,
330 3942 382 4007 20.
424 3941 483 4023 VI,
504 3943 535 4027 5,
559 3943 614 4026 18,
639 3943 678 4006 19
700 3942 769 4027 (2)*
791 3935 846 4026 (δὴ
866 3935 1027 4022 διάβατον
1047 3939 1135 4024 Hug,
1164 3931 1292 4004 δυσδιά-

197 4053 305 4130 eam
325 4049 424 4131 libri).
478 4048 553 4132 vn,
577 4051 605 4133 1,
625 4049 667 4114 τε
689 4050 758 4133 (ε),
786 4049 816 4131 ο,
840 4049 895 4132 143
920 4050 977 4132 ιε,
996 4047 1055 4131 20;
1077 4047 1133 4127 243
1155 4047 1212 4129 2⁷3
1234 4045 1293 4129 3⁰3

199 4157 256 4243 31,
284 4158 343 4242 32,
373 4157 430 4234 373
461 4159 490 4240 7,
514 4158 570 4241 10,
590 4157 632 4222 33
654 4181 661 4221 :
683 4157 838 4242 ποτέρως
865 4146 908 4221 ἀν
937 4154 1000 4221 οἴει
1032 4144 1152 4239 ἀπαθῆ
1178 4156 1294 4219 κακῶν

197 4269 328 4352 μᾶλλον
349 4255 453 4350 αύτην
474 4260 568 4343 εἶναι,
590 4264 619 4330 εἰ
642 4313 649 4329 .
672 4316 678 4330 .
704 4316 710 4329 .
733 4256 753 4350 ἢ
776 4263 805 4330 εί
826 4268 915 4346 κτλ,
935 4263 996 4349 45,
1016 4263 1068 4327 46.
