3270 4978
279 1680 317 1744 In
339 1679 565 1766 Xenophontis
580 1680 755 1744 Helleniois
778 1703 863 1745 nuno
885 1681 925 1745 de
951 1681 1072 1746 duabus
1088 1684 1289 1768 potissimum

195 1790 300 1870 rebus,
323 1773 469 1874 quamvis
492 1811 588 1874 saepe
609 1791 642 1852 in
665 1791 884 1874 quaestionem
906 1799 1040 1854 vocatae
1066 1791 1148 1874 sint,
1170 1812 1289 1874 magna

196 1900 278 1962 inter
299 1899 385 1961 viros
406 1897 518 1961 doctos
541 1897 697 1961 dissensio
728 1907 805 1962 est:
836 1899 972 1982 primum
1004 1900 1151 1983 quotiens
1177 1897 1287 1962 Xeno·

196 2005 282 2091 phou
304 2008 336 2068 in
359 2004 532 2070 Helleniois
556 2005 794 2069 conseribendis
816 2006 995 2071 substiterit
1010 2016 1195 2092 quantoque
1209 2016 1288 2071 tem·

195 2114 281 2198 poris
318 2115 422 2199 spatio
461 2114 607 2197 singulae
643 2123 750 2198 partes
790 2113 894 2178 editae
932 2115 1010 2193 sint,
1050 2113 1166 2178 deinde
1195 2115 1289 2200 quale

196 2231 297 2285 totum
320 2243 399 2306 opus
421 2222 462 2285 ad
484 2244 541 2285 nos
562 2223 753 2305 pervenerit.
796 2221 849 2286 Ad
878 2222 964 2286 illum
994 2223 1216 2307 quaestionem
1242 2222 1288 2286 di·

194 2329 397 2394 iudicandum
420 2351 491 2392 eum
513 2341 704 2413 argumenta
720 2352 760 2393 ex
775 2330 871 2393 rebus
886 2339 1011 2393 tuntum
1026 2330 1129 2414 petita
1142 2329 1288 2394 sufficere

194 2459 257 2500 non
282 2437 484 2518 viderentur,
517 2437 678 2523 Roquette
701 2437 812 2502 eadem
835 2459 929 2522 quem
952 2437 1185 2522 Dittenberger
1195 2437 1219 2522 ¹)
1241 2437 1287 2500 in-

194 2568 322 2629 gressus
354 2556 422 2610 erat
449 2547 503 2610 via
530 2547 681 2631 plurimas
712 2547 883 2631 particulas
922 2568 962 2610 ex
999 2545 1146 2609 omnibus
1176 2543 1286 2610 Xeno-

194 2654 322 2738 phontis
353 2653 443 2718 libris
474 2655 603 2737 collegit
631 2663 662 2717 et
692 2655 838 2738 quotiens
869 2653 986 2736 singuli
1016 2675 1068 2717 eas
1098 2653 1287 2718 exhiberent

195 2761 318 2826 duabus
336 2763 465 2826 tabellis
489 2761 721 2827 demonstravit
734 2764 770 2844 ²).
814 2761 878 2827 Sed
902 2783 943 2826 ne
964 2763 1058 2825 nimis
1081 2762 1126 2825 eis
1144 2782 1226 2847 quae
1240 2762 1287 2826 illi

100 2909 103 2914 -
196 2869 338 2934 effecisse
360 2871 422 2935 sibi
444 2871 628 2934 viderentur
660 2869 891 2934 confideremus
922 2868 1034 2935 eontra
1056 2870 1285 2953 Dittenberge-

194 2999 264 3042 rum
286 2978 499 3061 Frederking‚
521 2988 634 3042 eontra
654 2978 862 3064 Roquettium
877 2977 970 3044 Stahl
992 2999 1048 3041 suo
1070 2979 1139 3042 iure
1156 2999 1285 3042 monue-

193 3086 313 3169 runt³l.
357 3085 420 3149 Hie
441 3108 571 3171 prorsus
586 3088 682 3151 aliam
697 3087 812 3150 seriem
824 3085 1050 3170 Xenophontis
1073 3086 1226 3149 librorum
1248 3108 1287 3150 ae

193 3194 355 3279 Roquette
380 3196 580 3259 constituerit
602 3217 697 3280 posse
719 3195 871 3257 constitui
902 3194 979 3258 dieit
1000 3193 1173 3258 seeundum
1196 3203 1280 3278 opta·

194 3304 252 3365 tivi
275 3303 374 3366 futuri
396 3325 499 3387 usum,
522 3305 577 3388 qui
599 3305 664 3367 eius
687 3303 834 3387 proprius
855 3303 906 3366 sit.
960 3302 1082 3368 Omnes
1114 3302 1197 3386 fere,
1230 3302 1285 3384 ait,

195 3411 249 3494 qui
270 3411 350 3474 tales
373 3409 413 3474 de
435 3433 554 3494 genere
575 3410 702 3474 dicendi
731 3410 863 3474 alieuius
893 3411 1057 3494 scriptoris
1080 3409 1284 3494 quaestiones

193 3518 370 3600 instituunt,
393 3520 420 3582 si
442 3540 505 3603 qua
526 3519 681 3582 sermonis
703 3518 861 3602 particula
890 3519 923 3580 in
952 3519 1022 3582 aliis
1051 3518 1141 3581 libris
1170 3518 1284 3598 rarius,

193 3625 226 3686 in
248 3625 317 3688 aliis
339 3627 476 3710 saepius,
501 3627 532 3688 in
554 3626 624 3690 aliis
647 3625 904 3711 frequentissime
925 3626 1116 3708 inveniatur,
1138 3624 1170 3688 id
1193 3623 1285 3688 eade

193 3754 287 3796 eausa
307 3733 429 3797 fautum
451 3755 519 3797 esse
548 3719 726 3819 putare4),'
745 3735 820 3818 quia
850 3733 988 3816 scriptor
1013 3732 1100 3796 illam
1131 3753 1284 3817 usurpare

195 3903 340 3912 ·——--——-—-
353 3907 387 3913 ψ-

262 3985 281 4051 ¹)
301 3990 327 4037 Z.
348 3989 523 4054 Chronologie
541 3989 564 4038 d.
584 3989 772 4039 Platonisehen
790 3988 901 4052 Diuloge
919 3988 1031 4036 Hermes
1052 3988 1083 4036 16
1101 4002 1126 4052 p.
1145 3989 1202 4036 321.

260 4070 282 4136 ¹)
301 4076 342 4125 De
358 4075 542 4141 Xenophontis
559 4076 623 4125 vite.
659 4076 763 4140 Regim.
785 4079 856 4126 1884.

260 4159 281 4228 ⁸)
301 4165 330 4214 N.
350 4163 441 4214 Jahrb.
463 4165 480 4212 f.
499 4163 568 4212 Phil.
590 4165 637 4212 125
657 4163 747 4229 (1882)
767 4179 791 4228 p.
810 4163 868 4211 534,
908 4161 976 4211 Phil.
996 4162 1060 4211 Anu.
1082 4163 1112 4210 16
1130 4175 1155 4225 p.
1176 4161 1208 4210 35
1227 4176 1282 4226 sqq.

259 4247 281 4315 ⁴)
300 4251 339 4300 Es
362 4250 418 4315 ipsu
442 4251 544 4300 ratione
566 4265 645 4314 quam
668 4249 784 4300 absurda
810 4248 877 4298 effioi
903 4248 1012 4314 possint,
1039 4262 1125 4311 nuper
1152 4246 1282 4296 Hartman

192 4336 381 4386 demonstravit
399 4337 427 4387 in
444 4336 511 4388 libro
529 4337 658 4386 Analecta
671 4336 864 4402 Xenophonteo
875 4334 1030 4400 Luget-But.
1051 4336 1114 4384 1881
1133 4349 1158 4398 p.
1172 4335 1282 4383 35-54.

1040 4426 1084 4487 18
