3270 4978
843 411 885 478 36

318 613 420 699 qualia
450 615 484 678 in
512 612 613 678 altore
640 621 673 676 et
700 612 795 677 tertia
825 618 918 697 porte
948 610 1088 676 eiusdem
1110 611 1215 696 operis
1237 611 1407 676 invenitur.

318 721 534 800 Quamobrem
563 722 685 806 primae
712 718 951 784 Hellenicorum
984 719 1084 806 partis
1120 719 1274 784 incultum
1306 740 1407 803 genus

318 827 445 894 dicendi
475 829 522 895 illi
553 829 651 893 aetati
672 825 899 911 Xenophontis
929 825 1076 892 atttribui
1109 848 1174 891 nou
1207 847 1301 911 posse
1330 825 1407 890 mihi

319 957 506 1022 persuasum
522 945 579 1000 est.
622 935 833 1020 Relinquitur,
856 942 892 998 ut
913 934 953 998 de
967 935 1133 1000 sententiis
1155 934 1246 999 Aem.
1260 933 1407 1000 Muelleri

317 1053 349 1110 et
370 1042 609 1109 Breitenhaohii
629 1042 771 1108 breviter
791 1063 905 1126 agam,
937 1043 1009 1128 qui,
1041 1063 1112 1106 curn
1140 1064 1159 1107 a
1180 1063 1215 1106 se
1236 1043 1407 1126 impetrare

316 1174 381 1216 uon
403 1161 543 1238 possent,
564 1160 601 1216 ut
614 1149 865 1236 Xenophontem
880 1151 1015 1236 primam
1029 1159 1153 1236 partem
1167 1149 1407 1215 Hellenicorum

319 1259 412 1325 nobis
433 1260 585 1325 traditam
607 1259 834 1343 conscripsisse
854 1267 1020 1344 negarent,
1042 1257 1121 1322 haee
1142 1259 1353 1322 coniecerunt.

398 1368 489 1433 Aem.
520 1365 653 1432 Mueller
683 1365 933 1451 Xenophontem
967 1367 1230 1451 ,commentarios
1265 1367 1306 1430 ab
1343 1365 1406 1430 alio

317 1474 455 1560 quodam
476 1475 545 1560 ipso
568 1473 641 1540 belli
663 1481 807 1559 tempore
827 1473 1070 1558 diligentissime
1092 1472 1272 1539 coniectos“
1295 1473 1328 1536 iu
1350 1494 1404 1536 en-

317 1592 449 1667 gustum
477 1583 621 1668 coegisse
649 1590 741 1667 putat
771 1581 840 1666 (De
867 1580 1093 1668 Xenophontis
1129 1581 1280 1645 historiae
1315 1590 1407 1665 parte

319 1691 425 1776 priore
445 1689 533 1776 Lips.
560 1689 648 1772 1856,
669 1711 700 1775 p.
722 1689 768 1772 ὃ).
812 1689 872 1755 Oui
894 1689 1073 1755 sententiae
1100 1690 1146 1754 ita
1165 1690 1340 1767 assentior,
1371 1699 1406 1753 ut

316 1797 451 1883 primam
479 1796 718 1862 Hellenicorum
750 1805 875 1882 partem
906 1798 939 1860 in
971 1797 1132 1882 epitomen
1164 1806 1307 1862 coactam
1336 1819 1406 1862 esse

318 1904 454 1986 credam,
476 1903 533 1969 sed
554 1905 650 1986 longe
680 1905 817 1989 petitum
845 1903 972 1970 videtur
1001 1904 1106 1969 dicere
1117 1953 1126 1988 ,
1157 1904 1405 1990 Xenophontem

316 2012 398 2078 alius
431 2011 596 2076 cuiusdam
617 2033 697 2097 opus
719 2014 925 2096 excerpsisse,
949 2034 1021 2076 cum
1043 2014 1114 2098 quis
1135 2013 1188 2078 ille
1209 2014 1305 2078 sitne
1320 2015 1404 2097 cogi·

317 2120 379 2184 tari
401 2118 530 2205 quidem
550 2119 660 2204 possit.
703 2118 917 2184 Breitenbach
944 2129 1052 2184 autem
1080 2119 1140 2184 sibi
1162 2121 1320 2206 persuasit
1340 2120 1405 2204 (ed.

318 2227 444 2293 Hellen.
466 2226 551 2292 Berl.
577 2227 655 2292 1873
678 2237 699 2293 t.
721 2226 739 2292 I
760 2228 860 2313 prael.
883 2232 903 2310 ξ
927 2228 999 2312 104)
1029 2227 1280 2314 Xenophontem
1307 2229 1404 2294 histo-

317 2335 397 2400 riam
426 2334 655 2420 aThucydide
683 2335 826 2401 relictam
855 2335 897 2400 ad
927 2337 1045 2400 calcem
1071 2335 1228 2402 deducere
1257 2346 1405 2402 conatum

316 2451 512 2528 postremam
539 2460 669 2507 manum
698 2464 763 2508 non
794 2442 984 2508 adhibuisse.
1038 2443 1084 2508 At
1104 2443 1272 2509 Hellenica
1291 2446 1404 2530 imper-

316 2551 435 2616 fectum
457 2573 537 2637 opus
557 2573 623 2616 non
652 2573 721 2616 csse
749 2552 817 2638 ipse
847 2551 1031 2638 Xenophon
1059 2553 1093 2617 iu
1121 2551 1186 2617 fine
1207 2553 1304 2618 totius
1332 2553 1404 2618 libri

319 2659 369 2723 his
390 2659 497 2724 verbis
519 2658 656 2724 dilucide
678 2658 772 2724 docet
793 2683 801 2724 z
834 2658 907 2743 ἐμοὶ
927 2659 988 2744 μὲν
1009 2653 1049 2745 δὴ
1068 2660 1164 2746 μέχρι
1184 2653 1310 2726 τούτου
1329 2683 1405 2745 γρα-

316 2767 445 2849 φέσθω,
466 2760 509 2832 τὰ
532 2767 567 2832 δὲ
588 2760 671 2851 μετὰ
693 2771 800 2833 ταῦτα
828 2766 908 2844 ἴσως
940 2758 1031 2854 ἄλλῳ
1051 2761 1184 2853 μελήσει
1206 2767 1306 2850 (Hell.
1328 2767 1404 2846 VH,

316 2875 345 2957 5,
367 2875 431 2958 27).
474 2873 588 2960 Itaque
618 2897 659 2939 ne
688 2874 748 2939 hac
776 2875 905 2961 quidem
934 2877 987 2940 via
1016 2875 1190 2961 quidquam
1211 2876 1405 2961 proficimus,

316 2991 352 3046 ut
380 2983 505 3047 cuinam
535 3003 650 3047 causae
685 2983 840 3047 incultum
870 3003 971 3067 genus
1000 2982 1126 3048 dicendi
1156 2985 1277 3069 primae
1305 2984 1405 3070 partis

316 3089 556 3155 Hellenicorum
577 3090 814 3156 attribuendum
837 3093 878 3156 sit
899 3093 978 3156 satis
999 3091 1201 3178 explicemus.
1335 3179 1336 3186 ἵ

399 3198 490 3277 Quae
522 3219 593 3263 cum
625 3199 671 3263 ita
699 3199 781 3280 sint,
811 3199 1047 3284 epitomatoris,
1079 3200 1106 3263 si
1136 3199 1185 3264 fas
1213 3209 1262 3264 est
1291 3199 1406 3281 dicere,

316 3327 414 3391 opera
445 3306 565 3371 factum
595 3327 666 3371 esse
696 3305 806 3383 credo,
836 3316 873 3371 ut
899 3308 1022 3392 primae
1045 3308 1145 3392 partis
1166 3306 1405 3373 Hellenicorum

317 3434 420 3498 genus
447 3414 574 3480 dicendi
603 3424 669 3480 tum
699 3417 809 3501 paucis
837 3425 869 3480 et
898 3416 1214 3501 eis·pervulgaribns
1242 3416 1405 3501 particulis

317 3522 503 3605 variaretur,
524 3531 561 3586 ut
582 3525 614 3587 iu
638 3523 837 3588 orationibus
858 3525 978 3589 nullum
1004 3524 1185 3588 antitheton
1206 3545 1277 3588 cum
1298 3525 1404 3609 pariso

317 3638 350 3694 et
369 3628 624 3695 homoeoteleuto
653 3633 873 3715 coniunctum,
900 3631 987 3697 nulla
1016 3631 1187 3697 artificiosa
1214 3631 1404 3717 parechesis,

317 3738 405 3802 nulla
425 3739 658 3822 paronomasia,
681 3740 768 3804 nulla
789 3739 952 3804 elaborata
972 3739 1145 3825 anaphora,
1167 3740 1254 3805 nulla
1268 3738 1405 3824 denique

316 3844 514 3931 hypophora,
537 3845 643 3911 nullae
664 3847 745 3912 uliae
765 3849 827 3912 nisi
848 3848 984 3913 usitatae
1004 3847 1126 3933 figurae
1141 3849 1404 3933 relinquerentur,

316 3962 352 4018 ut
373 3954 407 4017 in
427 3955 610 4018 narratione
632 3963 664 4019 et
685 3954 898 4041 descriptione
919 3976 1027 4021 omnes
1059 3956 1126 4020 fere
1147 3956 1270 4040 figurae
1291 3978 1403 4021 evane-

317 4070 451 4126 scerent.
494 4060 636 4142 Quorum
651 4063 801 4127 vitiorum
820 4063 973 4128 nonnulla
987 4063 1082 4128 etiam
1097 4062 1298 4128 librariorum
1312 4064 1405 4149 culpa

316 4190 412 4254 posse
433 4168 519 4233 faeta
540 4191 609 4235 esse
630 4191 695 4235 non
714 4191 808 4255 nego,
829 4170 1016 4256 praesertim
1037 4193 1108 4235 oum
1123 4170 1247 4236 codices
1262 4170 1403 4237 Helleni-

318 4297 426 4340 corum
448 4276 577 4342 infimae
598 4287 694 4343 notae
714 4279 779 4343 siut
801 4286 833 4343 et
846 4279 949 4364 prima
963 4299 1036 4364 pars
1053 4280 1239 4364 corruptelis
1253 4278 1403 4344 abundet.
