3270 4978
521 681 664 726 summae
685 673 780 745 pag.'
843 658 951 744 pariae
1035 655 1293 722 homoeoteleuta

312 770 473 835 Anabasia
633 770 674 833 52
873 765 914 830 69
1118 763 1158 828 23

313 877 526 964 Cyropaedia·
617 877 674 941 127
856 873 914 937 147
1115 870 1156 934 45

311 985 436 1051 Hell.I
652 985 712 1061 5¹l,
874 983 914 1046 10
1137 978 1157 1042 6

312 1093 397 1158 Hell.
418 1090 454 1157 Π
637 1092 675 1155 19
875 1089 916 1156 35
1118 1086 1156 1151 18

312 1201 396 1266 Hell.
418 1199 472 1265 111
637 1199 679 1264 20
877 1197 917 1262 27
1119 1195 1160 1258 20

530 1308 638 1393 pariae
659 1327 730 1371 eum
751 1304 1015 1372 homoeoteleutis
1039 1303 1209 1368 coniuncta

313 1417 474 1482 Anabaria
848 1415 866 1478 7
976 1495 978 1500 Ι

314 1523 517 1609 Cyropaedia
826 1522 866 1585 22

312 1630 437 1698 Hell.I
844 1628 865 1692 2

317 1739 401 1805 Hell.
423 1737 459 1804 Π
846 1738 868 1801 4

312 1847 396 1914 Hell.
418 1845 473 1912 III
847 1845 877 1910 3.

296 1955 384 2020 Hine
410 1962 545 2041 apparet
575 1954 682 2039 pariaa
713 1961 746 2018 et
775 1953 1033 2018 homoeoteleuta
1059 1953 1181 2037 primae
1208 1951 1308 2036 partia

216 2063 455 2129 Hellenicorum
485 2084 556 2126 eum
585 2062 844 2148 frequentissima
872 2084 942 2126 esse
969 2070 1037 2127 tum
1067 2062 1145 2126 artie
1167 2081 1232 2124 non
1254 2081 1307 2152 ex·

217 2172 328 2258 pertia.
372 2171 420 2236 Eo
442 2172 545 2254 magia
566 2170 747 2236 mirandum
769 2180 828 2254 est,
857 2170 942 2256 quod
967 2171 1051 2234 inter
1070 2178 1120 2234 tot
1139 2168 1307 2252 antitheta,

217 2281 340 2365 parisa‚
371 2278 627 2344 homoeoteleuta
658 2280 780 2363 primae
812 2279 911 2364 partis
943 2277 1183 2343 Hellenieorum
1222 2276 1310 2341 nulla

217 2386 322 2472 figura
342 2387 475 2472 legitur,
505 2387 538 2450 in
567 2408 631 2472 qua
661 2408 700 2450 ea
727 2387 834 2480 omnia
864 2387 949 2451 inter
977 2408 1012 2450 se
1041 2387 1212 2451 coniuncta
1233 2385 1306 2450 e'int.

217 2494 312 2560 Adde
333 2495 416 2560 hane
437 2494 610 2560 tabellam:
676 2497 680 2510 '

495 2601 664 2683 antitheta,
686 2603 802 2688 parisa,
824 2603 1079 2669 homoeoteleuta

763 2712 831 2777 sola
939 2714 1108 2778 coniuncta

465 2817 626 2882 Anabasis
732 2879 734 2884 ,
776 2819 816 2883 98
1015 2820 1072 2886 40

467 2924 669 3010 Cyropaedia
759 2926 818 2992 201
1019 2929 1060 2993 70

465 3029 550 3098 Hell.
572 3033 590 3097 Ι
778 3035 819 3100 25
1039 3036 1059 3102 5

465 3140 549 3205 Hell.
572 3140 607 3206 Π
778 3143 819 3209 80
1017 3144 1059 3209 23

463 3248 548 3314 Hell.
571 3249 624 3315 III
779 3252 821 3316 54
1019 3252 1069 3316 20.

300 3356 464 3421 Concedes
476 3358 644 3442 antitheta,
666 3360 782 3444 parisa,
797 3358 1052 3425 homoeoteleuta
1073 3361 1196 3444 primae
1210 3362 1308 3446 partis

215 3463 454 3529 Hellenieorum
474 3467 578 3531 minus
602 3465 765 3531 elaborata
787 3488 858 3530 esse
874 3487 970 3552 quam
985 3466 1145 3532 Anabasis
1162 3460 1193 3533 et
1208 3468 1307 3554 Cyro·

216 3571 367 3655 paediae,
399 3582 434 3638 ai
454 3573 587 3638 alteram
617 3583 649 3639 et
670 3575 797 3639 tertiam
825 3583 950 3661 partem
979 3576 1012 3639 in
1041 3597 1099 3639 usu
1128 3597 1237 3640 eorum
1266 3576 1307 3640 ad

217 3681 389 3744 maximam
410 3681 650 3747 similitudinem
673 3704 782 3747 eorum
804 3683 957 3748 librarum
978 3682 1138 3748 accedere.

261 3794 262 3797 ’
297 3787 563 3855 Luculenti'aaime
591 3812 668 3856 vero
696 3792 818 3876 primae
848 3791 1085 3856 Hellenicorum
1114 3795 1216 3877 partis
1239 3814 1308 3858 ora·

216 3895 319 3961 tiones
342 3898 446 3962 minua
468 3907 597 3964 ornatae
625 3921 694 3963 ease
725 3920 821 3984 quam
842 3898 1002 3964 Anabaaia
1035 3909 1066 3964 et·
1089 3900 1309 3986 Oyropaediae

216 4024 276 4068 usu
296 4005 477 4089 pareehesia
493 4015 525 4071 et
546 4008 789 4091 paronomasiae
811 4007 1057 4073 demonstratur.
1101 4011 1151 4072 Ac
1171 4010 1308 4095 primum

217 4111 344 4197 quidem
376 4113 416 4177 de
448 4113 612 4199 pareeheai
641 4114 819 4199 disputabo.
862 4115 912 4179 Ea
934 4124 989 4180 aut
1021 4117 1162 4200 vulgaris
1195 4126 1252 4200 est,
1283 4119 1309 4181 ai

217 4221 467 4304 pronominibus,
489 4222 625 4287 efficitur
646 4222 733 4288 velut
756 4219 869 4308 ἕτερος
891 4219 1009 4309 ἑτέρου
1021 4225 1112 4308 (Cyr.
1128 4223 1173 4307 II,
1191 4228 1216 4307 1,
1235 4227 1308 4310 17);

216 4317 308 4412 ἱμεῑς
329 4318 406 4414 ἡμῖν
437 4329 527 4414 (Oyr.
550 4329 610 4414 IV,
631 4331 662 4414 5,
680 4331 732 4414 10)
744 4381 753 4413 ,
786 4342 842 4396 aut
861 4351 987 4416 magna
1007 4343 1078 4397 arte
1100 4333 1308 4417 conformata,
