3270 4978
747 415 787 481 37

218 617 269 682 Ne
291 625 398 681 tamen
420 617 527 680 omnia
549 617 594 681 eis
615 615 810 700 tribuamus,
838 616 933 680 nobis
956 615 1133 681 cavendum
1155 625 1212 682 est
1254 615 1307 680 In-

218 725 326 808 tellegi
348 726 432 788 enim
461 746 525 788 non
556 733 680 809 potest,
713 723 980 808 quemadmodum
1010 725 1158 790 cultiores
1186 725 1309 808 figurae

217 832 382 897 mutilatae
410 831 616 910 evanuerint,
645 832 783 896 usitatae
816 833 961 915 integrae
988 834 1172 897 manserint.
1222 831 1308 911 Quid

218 940 429 1025 epitomatori,
451 948 487 1003 ut
507 941 553 1003 ita
567 937 681 1022 dicam,
702 938 777 1023 quid
799 939 937 1004 librariis
960 938 1199 1004 attribuendum
1221 939 1307 1004 vide-

217 1057 298 1132 atur,
321 1046 444 1111 duobus
471 1047 549 1112 locis
579 1046 815 1111 demonstrabo.
866 1045 893 1129 I,
913 1048 942 1129 1,
968 1048 1007 1110 14
1027 1046 1211 1112 Alcibiades
1232 1057 1309 1112 ante

217 1154 371 1240 proelium
400 1153 594 1238 Cyzicenum
621 1153 706 1238 apud
736 1154 853 1218 milites
882 1153 1103 1218 brevissimam
1132 1157 1308 1220 orationem

216 1260 330 1343 habet,
364 1283 446 1348 quae
473 1263 590 1346 partim
621 1261 751 1347 obliqua
780 1263 896 1346 partim
919 1272 1007 1326 recta
1028 1262 1147 1328 tradita
1168 1272 1225 1328 est.
1268 1263 1306 1328 In

217 1369 323 1435 verbis
345 1369 424 1434 nihil
446 1368 644 1434 offendimus.
688 1369 738 1434 Ac
759 1380 867 1434 tamen
887 1368 1071 1454 Xenophon
1092 1371 1160 1456 ipse
1182 1371 1308 1456 saepius

217 1487 367 1563 expertus
400 1487 484 1560 erat,
517 1476 595 1562 qnid
627 1478 826 1542 auctoritatis
866 1478 968 1541 oratio
1001 1477 1202 1561 imperatoris
1232 1488 1308 1543 ante

217 1606 359 1670 pugnam
380 1584 522 1650 haberet.
572 1583 658 1665 Quid
687 1586 791 1669 ergo?
821 1585 874 1650 ille
902 1587 935 1648 in
961 1606 1018 1649 suo
1047 1606 1143 1669 opere
1174 1585 1307 1650 eandem

219 1713 301 1778 quae
321 1714 406 1757 nuno
426 1693 544 1776 legitur
572 1693 748 1757 orationem
778 1692 938 1758 Alcibiadi
967 1703 1042 1758 ante
1070 1703 1194 1758 tantum
1216 1715 1306 1779 proe-

217 1800 294 1866 lium
316 1801 499 1865 attribuisse
522 1801 693 1866 verisimile
715 1801 787 1866 est?
839 1800 973 1866 Minime
994 1822 1081 1884 vero,
1103 1801 1158 1866 sed
1181 1801 1307 1868 traditis

217 1907 325 1972 verbis
346 1909 527 1972 continetur
555 1910 656 1974 oratio
678 1907 855 1973 Alcibiadis
887 1911 919 1972 in
942 1911 1102 1994 epitomen
1125 1919 1244 1974 coacta.
1270 1946 1303 1958 -

217 2015 441 2100 1,4,13-17
475 2015 551 2100 quid
582 2016 797 2081 Athenienses
828 2017 868 2081 de
890 2017 1057 2083 Alcibiade
1078 2039 1206 2083 reverso
1228 2017 1306 2082 iudi·

219 2133 291 2188 cent
312 2131 469 2188 narratur.
512 2122 587 2188 Non
617 2125 786 2209 miramur,
818 2125 903 2211 quod
932 2127 1033 2190 oratio
1061 2124 1192 2210 obliqua
1218 2148 1306 2190 usur·

218 2243 295 2316 pata
316 2241 373 2314 est,
396 2231 505 2296 sedin
527 2231 634 2297 verbis
657 2235 783 2318 saepius
798 2234 996 2299 offendimus.
1040 2233 1256 2312 Quamobrem
1275 2233 1307 2297 id

217 2340 363 2406 librarios
386 2341 580 2405 commisisse
602 2351 688 2425 puto.

299 2447 390 2513 Haec
419 2447 548 2533 quidem
577 2447 732 2513 hactenus
761 2447 802 2511 de
822 2449 925 2533 prima
945 2458 1036 2533 parte
1057 2446 1306 2514 Hellenicorum.

217 2556 342 2642 Sequor
363 2556 462 2640 igitur
483 2553 660 2643 Oampium,
683 2555 885 2640 Grosserum,
907 2557 996 2639 alios,
1019 2578 1098 2642 quos
1121 2578 1307 2622 enumerare

216 2665 347 2748 longum
369 2665 480 2751 estll),
504 2663 708 2752 quiquidem
730 2665 928 2748 argumentis
951 2663 1084 2729 erebus
1106 2667 1307 2748 potissimum

218 2771 320 2837 ductis
342 2775 404 2838 nisi
424 2776 560 2860 primam
580 2782 704 2859 partem
731 2773 969 2838 Hellenicorum
999 2775 1031 2837 in
1060 2785 1233 2858 angustum
1255 2797 1305 2839 co-

218 2889 323 2944 actam
346 2903 416 2946 esse
436 2880 498 2946 sibi
519 2881 744 2966 persuaserint.
788 2881 834 2946 At
855 2879 1047 2946 discedimus
1073 2882 1148 2948 inde
1169 2905 1189 2948 a
1209 2881 1253 2966 H,
1275 2884 1307 2963 3,

221 2987 267 3052 11.
311 2987 379 3052 Illis
401 2989 484 3052 enim
507 2989 601 3053 etiam
624 2989 726 3054 altera
748 2997 780 3053 et
800 2990 896 3054 tertia
923 3009 997 3072 pars
1018 2991 1049 3052 in
1072 2992 1232 3075 epitomen
1253 3013 1305 3055 co·

217 3105 309 3161 actae
327 3095 369 3161 ad
390 3118 449 3160 nos
470 3099 655 3182 pervenisse
676 3096 841 3179 videntur,
872 3118 943 3162 cum
975 3096 1120 3183 equidem
1150 3120 1204 3163 eas
1226 3100 1305 3163 inte-

219 3225 293 3288 gras
317 3226 388 3269 esse
409 3226 481 3270 cum
502 3205 645 3291 plurimis
666 3207 743 3270 viris
766 3205 868 3294 doctis
891 3204 1027 3270 credam.
1078 3205 1130 3270 Ab
1159 3207 1305 3271 instituto

217 3332 288 3376 meo
310 3311 462 3376 abhorret
483 3324 673 3396 argumenta
695 3334 889 3396 enumerare,
920 3333 1002 3397 quae
1023 3312 1065 3377 ad
1087 3314 1211 3379 illorum
1234 3336 1304 3379 sen-

217 3420 350 3485 tentiam
372 3420 573 3486 refutandam
596 3443 635 3486 ex
656 3419 751 3486 rebus
766 3420 941 3486 haurienda
956 3420 1028 3485 sint.
1072 3420 1180 3486 Meum
1198 3443 1304 3486 asseu-

216 3550 286 3594 sum
317 3549 382 3594 non
414 3528 537 3614 ferunt,
571 3531 645 3614 quia
677 3528 799 3612 figurae
833 3530 963 3594 alterius
996 3539 1029 3593 et
1061 3530 1174 3594 tertiae
1205 3531 1305 3614 partis

217 3634 466 3720 Hellenicorum,
488 3637 666 3721 Anabasis,
696 3636 916 3722 Cyropaediae
946 3648 1053 3702 tantas
1083 3637 1304 3702 similitudines

216 3743 345 3827 habent,
368 3754 507 3830 quantae
535 3747 569 3809 in
591 3756 741 3830 excerpto
768 3744 850 3810 libro
871 3747 1009 3834 minime
1022 3754 1168 3810 servatae
1189 3757 1305 3829 esseut,

216 3852 278 3916 nisi
299 3851 385 3917 forte
405 3853 432 3916 is
454 3854 508 3938 qui
531 3853 564 3918 in
587 3854 748 3938 epitomen
770 3854 857 3937 cogit
877 3851 996 3938 figuras
1011 3854 1212 3939 potissimum
1233 3875 1304 3924 cum

217 3959 394 4024 orationum
425 3969 492 4024 tum
521 3962 713 4025 narrationis
750 3971 782 4026 et
812 3960 1033 4046 descriptionis
1062 3961 1175 4045 dignas
1202 3970 1305 4047 putat,

286 4207 317 4277 ¹⁹)
337 4212 370 4261 cl.
389 4214 509 4276 Grosser,
527 4215 554 4264 Ζ.
576 4213 787 4266 Charaktsristik
810 4213 834 4264 d.
853 4213 974 4280 Epitome
991 4230 1016 4263 v.
1035 4212 1195 4280 Xenophons
1213 4212 1303 4265 Helle·

216 4295 291 4348 nika.
328 4298 441 4352 Barmou
461 4301 525 4352 1873
544 4301 559 4363 5
579 4304 600 4350 1.
