3270 4978
742 447 784 526 23

222 651 332 722 πολλὰ
363 653 511 724 τάλαντα
543 660 680 743 χρυσίου
721 660 776 725 καί
821 649 980 746 ἀργυρίου
1019 651 1111 745 άγων
1141 665 1197 728 καὶ
1228 654 1312 730 άλλα

221 751 371 851 κτήματα
386 769 442 832 καὶ
457 761 585 851 κόσμον
598 761 838 851 παντοδαπόν·
860 767 970 852 47,2,
992 769 1029 852 4,
1055 770 1161 853 10,4,
1184 771 1213 834 2.
1236 771 1312 856 VII,

221 877 251 956 6,
275 874 333 957 14·
355 874 405 938 69.
449 873 543 958 VIII,
568 875 595 958 1,
617 877 655 959 9·
677 875 734 956 36,
755 876 810 960 37,
825 876 905 941 39:
936 870 1079 953 τούτους
1106 879 1162 943 καί
1192 871 1313 964 δώροις

221 985 277 1048 καὶ
298 971 412 1068 άρχαῖς
433 984 488 1048 καί
512 979 619 1069 ἕδραις
640 985 695 1048 καὶ
716 977 838 1061 πάσαις
865 998 993 1070 τιμαῖς
1002 983 1185 1128 ἐγέραιρεν·
1214 986 1244 1068 2,
1276 989 1314 1070 9,

221 1090 279 1174 24,
301 1091 330 1171 3,
352 1091 388 1174 6,
410 1091 438 1173 6,
466 1092 519 1173 16,
542 1091 571 1174 8,
592 1091 642 1156 20.

305 1197 543 1264 Hellenicorum
572 1221 601 1285 p.
624 1198 650 1263 I.
694 1198 720 1278 Ι,
745 1201 771 1282 1,
794 1200 864 1265 30:
891 1194 1034 1283 μάλιστα
1056 1194 1231 1288 ἐπόθησαν
1251 1196 1314 1288 τήν

221 1329 257 1371 τε
279 1305 470 1391 ἐπιμέλειαν
491 1309 547 1373 καὶ
568 1309 764 1394 προθυμίαν
785 1311 840 1374 καί
861 1303 1051 1395 κοινότητα.
1093 1309 1137 1394 ΙΙ,
1159 1310 1189 1396 2,
1211 1312 1240 1376 3.

304 1436 335 1499 p.
359 1414 402 1479 II.
445 1415 506 1500 ΙΙΙ,
529 1417 558 1496 2,
582 1417 620 1480 17
643 1440 650 1480 ,
673 1407 747 1483 ὅσοι
768 1416 804 1482 δὲ
833 1402 916 1502 ἦσαν
944 1407 1011 1483 άπὸ
1033 1413 1179 1506 Πριήνης
1200 1444 1237 1487 τε
1258 1422 1314 1487 καὶ

222 1512 399 1606 Ἀχιλλείου
419 1526 475 1589 καί
496 1514 564 1590 άπὸ
585 1518 698 1610 νήσων
718 1527 774 1592 καὶ
802 1531 873 1592 τῶν
893 1515 1049 1592 ἸωνικῶνΙ
1066 1520 1204 1593 πόλεων
1224 1533 1313 1611 κτλ,

220 1629 249 1712 4,
274 1629 321 1694 17.
363 1621 583 1717 Iv,l5,5;6‚
605 1632 634 1698 6.
803 1719 805 1724 Α

303 1759 333 1821 p.
357 1737 418 1802 III.
462 1738 520 1822 VI,
543 1740 630 1822 2,1,
653 1730 751 1806 αύτοί
772 1742 809 1807 δὲ
831 1731 1094 1828 ἀποκναιόμενοι
1114 1745 1171 1809 καί
1191 1738 1314 1831 χρημά-

223 1868 293 1910 των
315 1844 485 1932 εἰσφοραῖς
507 1849 562 1912 καί
584 1850 747 1931 λῃστείαις
769 1847 804 1929 ἐξ
824 1849 960 1937 Αἰγίνης
986 1853 1042 1917 καί
1071 1857 1235 1934 φυλακαῖς
1255 1857 1313 1938 τῆς

220 1946 332 2038 χώρας
352 1948 569 2042 ἐπεθύμησαν
589 1960 678 2041 κτλ,
699 1959 729 2040 6,
750 1957 800 2022 26.
845 1958 921 2042 VII,
943 1962 972 2042 6,
996 1960 1051 2043 18,
1072 1960 1123 2025 27.

650 2151 680 2216 6.
724 2151 880 2217 Ενοίωιιο.

306 2281 411 2346 Anah.
433 2281 553 2346 nullum
574 2284 748 2348 invenitur.

305 2390 422 2475 Cyrop.
445 2389 539 2473 vlll,
563 2392 592 2473 2,
614 2392 633 2456 8
656 2391 704 2475 (3)
727 2416 735 2456 :
766 2393 832 2458 τίνι
859 2393 920 2476 μὲν
950 2385 1013 2479 γάρ
1036 2391 1127 2475 φίλοι
1147 2391 1313 2464 πλουσιω-

222 2521 314 2584 τεροι
342 2489 438 2575 όντες
466 2500 606 2582 φανεροί
634 2490 654 2583 ἢ
685 2502 826 2586 Περσῶν
851 2504 995 2582 βασιλεῖ,
1030 2502 1080 2578 τίς
1114 2502 1150 2567 δὲ
1177 2509 1314 2588 κοσμῶν

221 2601 360 2672 κάλλιον
393 2608 548 2689 φαίνεται
579 2612 713 2685 στολαῖς
745 2602 824 2685 τούς
857 2611 934 2694 περὶ
967 2600 1072 2675 αὑτὸν
1099 2601 1313 2694 ἢβασιλεύς,

221 2716 312 2792 τίνος
334 2713 369 2780 δὲ
385 2715 476 2800 δῶρα
489 2708 707 2839 γιγνώσκεται
729 2707 842 2800 ὥσπερ
865 2713 935 2782 ενια
956 2721 1027 2782 τῶν
1047 2718 1209 2798 βασιλέως
1223 2725 1311 2804 κτλ,

220 2823 326 2926 9(3),
348 2823 377 2907 8,
398 2823 469 2888 20,
491 2816 533 2888 τά
555 2846 591 2907 γε
611 2845 676 2908 μην
704 2817 869 2909 πολεμικά
896 2828 970 2901 πῶς
991 2814 1054 2890 ούκ
1084 2821 1224 2904 εἰκότως
1251 2832 1314 2894 νῦν

220 2935 268 3015 ια’·
291 2932 393 2996 παντί
413 2921 585 3015 χείρους”
566 2954 587 3016 η
608 2924 763 3016 πρόσθεν
785 2930 884 3011 είσίν,
936 3012 940 3022 .

301 3037 540 3103 Hellenicorum
562 3061 592 3123 p.
614 3039 632 3104 Ι
653 3039 774 3104 nullum
795 3041 964 3104 invenitur.

288 3161 332 3231 'p.
347 3144 391 3210 II.
434 3145 496 3227 ΠΙ,
517 3147 547 3229 4,
572 3138 666 3212 18:
652 3141 741 3214 όπσυ
755 3141 818 3232 γὰρ
832 3138 948 3234 άνόρες
961 3141 1066 3226 θεοὺς
1078 3147 1140 3234 μὲν
1154 3149 1309 3231 σέβοιντο

221 3303 285 3336 ...,
300 3257 373 3330 πῶς
395 3243 457 3320 ούκ
479 3249 568 3332 είκός
589 3253 738 3321 ἐνταῦθα
752 3249 864 3321 πάντα
877 3249 981 3339 μεστὰ
1002 3253 1148 3334 ἐλπίδων
1168 3246 1309 3342 άγαθῶν

219 3357 321 3440 εἶναι,
362 3361 420 3445 IV,
441 3362 470 3444 4,
494 3363 542 3426 12.
1158 3404 1162 3413 .

301 3491 331 3555 p.
353 3469 415 3534 ΠΙ.
459 3466 516 3549 VI,
538 3471 567 3552 6,
589 3471 667 3534 62,Ι
689 3463 729 3536 τό
759 3469 795 3535 δε
817 3463 965 3546 πολλούς
993 3493 1030 3535 τε
1051 3465 1234 3594 προσάγειν
1255 3474 1310 3538 καὶ

219 3601 361 3663 ηττονας
381 3582 452 3644 τῶν
474 3569 637 3644 ἐναντίων
656 3584 730 3656 πῶς
759 3568 800 3644 ού
825 3572 934 3701 πολλη
955 3567 1146 3702 άηιροσύνη,
1184 3578 1257 3664 VH,
1279 3581 1309 3664 2,

220 3685 277 3769 16·
298 3687 327 3764 6,
352 3686 419 3751 16,
444 3684 594 3752 ἐνταῦθα
615 3679 651 3751 όν
676 3679 809 3752 τούτων
830 3683 873 3752 αύ
891 3709 952 3772 την
974 3675 1097 3772 άρετὴν
1117 3689 1168 3764 τίς
1190 3677 1252 3754 ούκ
1267 3679 1310 3753 άν

219 3736 401 3880 άγάσθείη,
1327 3793 1333 3808 '

656 3986 684 4049 6.
733 3985 868 4050 θίίοιαω.

302 4117 406 4183 Αυοί).
429 4118 490 4197 ΠΙ,
515 4120 542 4202 l,
564 4119 585 4183 2
607 4144 614 4184 :
637 4112 853 4203 ἐννοούμενοι
880 4119 942 4204 μὲν
971 4111 1025 4184 ότι
1049 4117 1105 4184 ἐπὶ
1126 4133 1199 4196 ταῖς
1219 4123 1308 4201 βασι-

218 4229 302 4305 λέως
335 4220 455 4312 θύραις
485 4212 587 4310 ἦσαν,
619 4220 732 4312 κύκλῳ
763 4227 799 4292 όέ
831 4217 946 4303 αὐτοῖς
976 4220 1087 4312 πάντη
1116 4220 1226 4293 πολλὰ
1253 4229 1309 4293 καὶ

219 4333 302 4421 ἔθνη
332 4337 399 4415 καὶΔ
421 4329 537 4410 πόλεις
568 4335 724 4419 πολέμιαι
757 4321 857 4420 ἦσαν,
896 4324 1022 4419 άγορὰν
1051 4334 1086 4399 δέ
1117 4323 1226 4411 οὐδεὶς
1260 4331 1309 4400 ἐτι
