3270 4978
762 457 783 524 5

672 546 870 562 qua-

225 661 303 726 tur?
347 659 429 726 Oum
451 660 595 724 Anahaei
617 670 650 725 et
672 659 883 746 Cyropaedia.
926 658 1011 723 Nam
1034 661 1317 725 commentationes
1379 661 1380 664 ’

225 779 257 834 et
278 768 406 852 dialogi,
430 770 505 854 quia
526 768 643 833 diversi
658 769 785 851 generis
802 777 886 848 sunt,
910 767 1014 830 minus
1031 778 1107 852 apta
1123 790 1193 832 esse
1207 768 1316 832 viden-

224 887 285 942 tur.
329 878 438 962 Atque
468 876 507 940 de
539 875 741 961 Cyropacdia
769 861 908 940 dubitari
936 885 1052 962 potest.
1096 875 1211 962 Neque
1232 878 1316 942 enim

225 987 280 1049 uni
301 986 412 1068 generi
434 983 639 1048 attribuenda
660 993 718 1066 est,
741 983 796 1048 sed
812 985 929 1068 partim
945 982 1111 1047 historiam
1126 985 1194 1048 sive
1207 1005 1317 1048 veram

226 1094 293 1157 sive
322 1091 429 1155 fictam
458 1093 575 1177 partim
605 1092 890 1156 commentationes
920 1091 1037 1176 partim
1067 1090 1211 1174 dialogos
1243 1113 1316 1156 con-

225 1202 314 1265 tinet.
357 1199 481 1264 Tamen
503 1221 574 1263 cum
596 1220 719 1263 summa
740 1201 807 1264 eius
838 1200 879 1262 eit
900 1199 1041 1268 narratio
1064 1199 1210 1283 quamvis
1242 1198 1318 1263 fieta

224 1309 309 1372 vitae
332 1307 410 1393 Cyri
432 1308 569 1390 maioris,
602 1309 747 1392 proxime
770 1307 810 1371 ad
834 1306 1072 1371 similitudinem
1093 1295 1317 1371 historicorum

223 1416 375 1496 librorum
398 1416 529 1482 accedit.
584 1415 774 1480 Proficiscar
803 1416 902 1500 igitur
932 1415 973 1479 ah
996 1413 1140 1480 Anabaei
1163 1424 1194 1480 et
1217 1415 1316 1501 (lyro-

224 1523 340 1608 paedia
361 1545 506 1609 quaeque
527 1525 608 1588 ratio
631 1525 714 1589 inter
735 1524 856 1607 figurae
880 1545 988 1588 eorum
1009 1524 1164 1587 librorum
1187 1534 1219 1587 et
1239 1523 1315 1588 Hel·

224 1633 399 1697 lenicorum
421 1631 599 1696 intercedat
619 1631 853 1696 demonstrabo.
897 1629 969 1709 Qua
990 1631 1115 1695 ratione
1136 1631 1224 1694 eiad
1247 1647 1318 1695 eam

225 1762 307 1826 quae
329 1750 377 1805 est
399 1739 439 1804 de
468 1739 543 1804 satis
572 1738 812 1816 Hellenicorum
835 1733 1085 1802 controversiam
1106 1737 1317 1803 dirimendam

224 1870 276 1912 me
297 1847 416 1933 aliquid
439 1848 627 1933 quantulum
646 1827 682 1911 id
706 1845 830 1932 cunque
853 1858 901 1912 est
923 1844 1096 1911 contulisse
1112 1847 1316 1927 concesseris,

225 1955 258 2020 id
280 1955 365 2041 quod
388 1957 495 2020 animo
516 1955 668 2040 proposui
689 1949 851 2019 assecutus
867 1976 931 2021 ero.
974 1955 1033 2021 Sin
1047 1957 1149 2039 aliter,
1172 1975 1234 2041 qua
1248 1963 1318 2020 arte

189 2105 191 2109 ι
225 2055 408 2149 Xenophon
439 2063 559 2147 figuras
582 2065 784 2147 usurpaverit
810 2063 911 2128 fusius
941 2065 1127 2150 exposuisse
1155 2066 1233 2129 satie
1261 2064 1333 2128 ha·-

225 2169 355 2254 bebo-¹⁵).

307 2280 536 2359 Quaestionem
551 2281 649 2363 igitur
663 2282 709 2345 ita
724 2280 899 2364 instituam,
920 2291 956 2345 nt
971 2283 1078 2365 priore
1092 2291 1183 2366 parte
1196 2279 1317 2364 figuras

227 2389 397 2472 Anabasis,
421 2387 651 2474 Cynopaediae,
673 2388 913 2453 Hellenicorum
928 2410 1119 2471 enumerem,
1141 2390 1317 2474 posteriore

225 2519 278 2562 eas
300 2499 383 2561 inter
405 2519 439 2561 se
462 2518 642 2582 comparem
665 2496 806 2583 quidque
826 2497 901 2562 iude
923 2499 1092 2581 colligatur
1112 2496 1225 2561 dicam.

306 2606 357 2669 Ac
379 2592 516 2690 primum
535 2605 663 2690 quidem
692 2604 733 2670 de
761 2606 876 2690 quibus
905 2605 1016 2690 figuris
1043 2605 1234 2670 disserturus
1256 2606 1316 2670 sim

224 2715 333 2798 paucis
366 2724 415 2779 est
447 2713 624 2779 dicendum.
687 2713 752 2778 Eas
790 2714 909 2798 figuras
949 2737 1028 2801 quae
1060 2715 1208 2780 Tiberius
1239 2716 1317 2800 περὶ

225 2815 401 2907 σχημάτων
430 2820 507 2885 dicit
537 2821 644 2902 (Rhet.
668 2821 726 2888 Gr.
758 2822 806 2887 cd.
830 2822 972 2907 Spengel
999 2822 1068 2904 111,
1099 2823 1153 2906 69)
1186 2824 1316 2888 mutatis

225 2929 329 2994 verbis
351 2938 458 2993 tamen
479 2951 608 2994 manere
616 2931 659 3013 ⁶),
690 2930 908 3014 neglegendas
937 2952 1007 2996 esse
1037 2933 1161 3015 censui,
1193 2932 1268 3016 quia
1287 2932 1315 2995 is

225 3039 279 3122 qui
301 3039 444 3123 excerpit
465 3059 531 3102 non
552 3038 633 3103 solet
655 3040 831 3103 sententiaa
853 3047 986 3104 mutare.
1040 3039 1176 3104 Ceterae
1197 3049 1313 3121 autem,
1342 3039 1348 3046 ’

225 3167 307 3231 quae
329 3145 435 3210 verbis
459 3147 591 3211 mutatis
607 3157 811 3230 evanescunt,
832 3146 894 3212 hae
915 3158 998 3213 sunt.
1038 3147 1181 3212 Primum
1197 3145 1316 3230 Gorgi-

293 3377 314 3445 ὕ)
334 3378 408 3441 Quae
433 3379 465 3429 de
491 3378 584 3445 figuris
606 3379 805 3446 Xenophonteis
829 3380 881 3430 riri
903 3379 974 3430 docti
998 3380 1166 3446 protulerunt
1189 3378 1316 3445 pauciora

224 3471 294 3528 sunt,
313 3482 392 3532 quam
411 3471 441 3516 ut
458 3466 492 3517 ad
510 3482 568 3516 eam
586 3482 666 3532 quam
692 3466 802 3517 instituo
826 3467 1008 3533 quaestionem
1033 3468 1147 3518 multum
1169 3465 1235 3516 mihi
1257 3480 1315 3530 pro·

225 3551 330 3602 fuerint.
366 3551 471 3602 Paucos
488 3553 560 3602 locos
578 3552 676 3619 quibua
699 3553 800 3618 figurae
825 3553 955 3619 quaedam
977 3553 1106 3619 leguntur
1128 3552 1256 3602 exhibent
1276 3551 1315 3602 in·

224 3639 296 3690 dices
319 3638 451 3704 Kruegeri
474 3638 512 3688 ed.
532 3639 663 3690 Anabaeie
689 3644 716 3689 et
738 3639 937 3691 Breitenbachii
962 3639 1000 3689 ed.
1026 3640 1083 3690 Lat.
1106 3638 1315 3702 Hellenicorum,

225 3725 335 3790 Sauppii
353 3724 447 3775 deinde
465 3725 611 3791 Lexilogue
629 3725 846 3791 Xenophonteue.
882 3726 970 3792 Atque
988 3726 1015 3777 J.
1034 3727 1064 3776 Α.
1085 3724 1175 3776 Simon
1194 3724 1233 3788 (Z.
1252 3725 1314 3776 Ent-

224 3811 360 3877 wiclrlung
386 3812 409 3862 d.
433 3811 685 3876 Xenophontischen
709 3811 779 3862 Stils.
805 3828 892 3878 progr.
911 3814 1019 3863 Dueren
1040 3810 1131 3878 1887),
1154 3826 1214 3862 cnm
1238 3827 1263 3877 p.
1282 3815 1314 3863 te

225 3896 398 3961 demonstrat,
426 3897 548 3962 quotiens
574 3897 673 3963 singuli
691 3897 875 3963 Xenophontis
902 3889 966 3949 libr'i
983 3898 1144 3963 anaphoram
1163 3898 1314 3962 exhibeant,

224 3984 298 4034 locos
315 3983 367 4034 nisi
385 4000 418 4060 ex
436 3984 636 4035 Commentariis
654 3999 708 4035 non
726 3983 810 4034 affert.
847 3984 969 4036 Breviter
988 3985 1020 4035 de
1031 3983 1230 4050 Xenophonteie
1247 3983 1315 4049 figu-

224 4070 261 4121 ris
279 4075 363 4136 agunt
381 4071 456 4121 Blass
474 4071 530 4120 Att.
548 4069 654 4120 Bereds.
674 4070 708 4133 11,
727 4073 871 4135 443-444,
889 4071 968 4122 Heita
986 4071 1014 4121 G.
1027 4071 1057 4122 0,
1076 4071 1202 4121 Muellere
1220 4067 1314 4122 Gesch.

225 4158 249 4208 d.
268 4156 367 4223 griech.
387 4155 437 4206 Lit.
455 4157 490 4218 11,
510 4160 533 4212 2.
554 4159 608 4206 128.

293 4240 429 4308 ⁸)Ironia‚
454 4257 609 4308 oxymorou,
637 4238 671 4295 ἐκ
696 4243 818 4312 πλαγίου
840 4240 928 4311 ῥῆσις,
955 4239 1128 4312 ἐπιτίμησις,
1155 4242 1316 4311 πανουργία

226 4327 369 4397 (σχήματα
387 4332 437 4397 τῆς
455 4327 602 4393 διανοίας).
