3270 4978
637 423 832 520 A„

272 624 509 690 Hellenioorum
546 645 576 709 p.
598 623 625 690 I.
685 622 712 702 I,
737 626 764 707 1,
786 625 844 706 28,
879 624 908 708 7,
930 625 1001 690 33:
1034 613 1108 691 ἀντὶ
1138 625 1199 710 μὲν
1225 628 1284 712 τῆς

188 736 281 821 νίκης
302 738 357 801 καὶ
378 741 437 820 της
459 724 611 818 εὐτυχίας
634 726 733 818 όμοια
755 726 912 818 ποιήσετε
934 747 1006 810 τοῖς
1029 725 1225 821 ἡττημένοις
1246 757 1283 800 τε

188 848 244 912 καὶ
265 837 453 929 ἀτυχοῦσιν,
475 833 549 909 ἀντὶ
578 843 613 909 δὲ
642 847 711 908 τῶν
742 840 780 907 ἐκ
807 847 893 908 θεοῑ
923 831 1113 926 ἀναγκαίων
1135 833 1285 927 ἀγνωμο-

187 967 259 1020 νεῖν
280 947 402 1038 δόξητε,
419 955 489 1016 κτλ.

269 1083 300 1147 p.
322 1059 367 1125 II.
409 1059 455 1143 Π,
477 1059 507 1142 3,
529 1060 586 1142 21,
617 1060 687 1124 25:
719 1052 858 1143 γνόντες
882 1059 944 1144 μέν
966 1057 1051 1135 οίοις
1073 1050 1151 1144 ήμῑν
1171 1082 1208 1125 τε
1228 1062 1285 1125 καὶ

187 1162 266 1254 ὑμῖν
285 1161 435 1253 χαλεπήν
455 1168 632 1232 πολιτείαν
653 1163 738 1233 είναι
760 1167 993 1254 δημοκρατίαν,
1013 1160 1151 1252 γνόντες
1172 1167 1209 1233 δὲ
1231 1159 1285 1232 ότι

188 1283 278 1362 κτλ,
299 1277 357 1358 28,
379 1276 523 1358 29,32,
545 1277 600 1354 33,
623 1276 683 1358 40,
705 1275 766 1356 42,
788 1277 817 1358 4,
840 1275 890 1340 20.
924 1275 987 1358 ΠΙ,
1012 1277 1039 1356 1,
1062 1276 1118 1359 26,
1140 1276 1170 1357 2,
1194 1276 1230 1357 7,
1252 1275 1283 1358 3,

189 1387 207 1451 7
230 1411 238 1450 t
260 1377 390 1462 πολλὰς
410 1383 471 1468 μὲν
491 1385 662 1468 μαχαίρας,
684 1377 795 1450 πολλὰ
818 1383 853 1448 δὲ
876 1385 963 1471 ξίφη,
985 1377 1134 1461 πολλοὺς
1155 1384 1191 1448 δὲ
1213 1373 1285 1464 όβε-

188 1494 331 1572 λίσκους,
352 1486 502 1569 πολλοὺς
516 1492 552 1557 δὲ
567 1492 719 1568 πελέκεις
732 1493 788 1557 καὶ
803 1481 925 1574 ἀξίνας,
947 1485 1057 1557 πολλά
1073 1491 1108 1556 δὲ
1125 1492 1283 1575 δρέπανα.

188 1601 247 1685 IV,
269 1602 299 1684 8,
321 1603 349 1665 5.
396 1600 434 1679 V,
459 1603 487 1682 1,
511 1600 550 1664 14
572 1623 579 1664 :
602 1588 753 1685 ἀνέῳκτο
774 1598 836 1682 μὲν
858 1593 967 1684 δήπου
988 1601 1044 1665 καὶ
1065 1594 1236 1684 πρόσθεν.
1252 1651 1283 1677 .,

43 1707 50 1724 ’
188 1701 371 1795 ἀνεῴξεται
394 1708 429 1773 δὲ
451 1709 507 1773 καὶ
529 1711 608 1790 νόν,
637 1708 685 1771 16.

270 1840 300 1903 p.
323 1815 384 1882 ΙΙΙ.
428 1814 521 1896 V,2,
546 1815 615 1879 16:
647 1814 685 1880 έκ
715 1819 853 1880 πολλῶν
880 1815 942 1899 μὲν
964 1816 1116 1900 λιμένων,
1147 1820 1285 1882 πολλῶν

191 1927 218 1991 δ’
240 1925 424 2010 ἐμπορίων,
446 1924 555 2005 27,3,
581 1923 633 2002 12,
655 1923 685 2006 4,
709 1923 759 1987 60.
816 1922 875 2007 VI,
898 1923 927 2005 2,
950 1924 987 2005 9,
1016 1925 1045 2006 3,
1067 1925 1104 2006 Ι),
1138 1925 1282 2008 13,14;

190 2027 275 2100 κατὰ
302 2037 364 2119 γῆν
389 2032 451 2117 μέν
478 2033 528 2109 τίς
550 2022 592 2096 άν
615 2083 621 2095 .
648 2084 653 2094 .
679 2084 684 2095 .
709 2024 822 2108 ίκανός
848 2031 981 2115 γένοιτο
1010 2021 1093 2116 ήμάς
1124 2029 1285 2116 λυπῆσαι,

190 2134 274 2206 κατά
295 2135 471 2207 θάλατταν
490 2138 527 2224 γέ
548 2133 612 2224 μήν
633 2140 684 2216 τίς
706 2130 749 2204 άν
769 2130 853 2224 όμάς
873 2135 1000 2222 βλάψαι
1022 2163 1071 2222 τι,
1096 2140 1151 2222 17,
1172 2140 1201 2222 4,
1224 2139 1283 2223 24,

187 2250 217 2332 ο,
239 2249 290 2312 43.
332 2246 920 2331 V11,1,1o;14;2‚20;3,o;9.

472 2441 500 2503 2.
543 2439 758 2526 Αποόίμίοείο
779 2439 996 2526 (polyptoton).

272 2573 377 2638 Anab.
400 2573 425 2651 I,
448 2573 478 2657 3,
499 2574 521 2638 5
542 2595 549 2635 :
572 2563 619 2650 ὡς
640 2566 706 2657 έγοό
719 2563 877 2658 Ἕλληνας
899 2562 1032 2657 ἀγαγών
1055 2623 1086 2636 ..
1108 2627 1113 2638 .
1136 2570 1283 2659 προδοὺς

189 2673 441 2768 τοὺςἜλληνας
461 2685 548 2764 κτλ,
579 2682 607 2762 7,
629 2681 650 2742 4
672 2680 730 2763 (2).
787 2680 830 2761 ΙΙ,
856 2683 882 2764 l,
908 2681 962 2759 12,
988 2681 1041 2764 17,
1063 2682 1122 2764 20,
1160 2683 1282 2766 231,

189 2790 218 2872 3,
241 2790 262 2855 5
284 2813 291 2854 :
314 2780 451 2873 άριοτον
471 2781 533 2873 γάρ
556 2778 618 2853 οόκ
641 2786 730 2855 ἔστιν
753 2778 823 2853 οόδ
844 2779 863 2852 ό
886 2783 1063 2873 τολμήσων
1084 2792 1161 2874 περὶ
1182 2807 1282 2856 σπον-

189 2899 258 2964 δῶν
279 2897 387 2982 λέγειν
400 2911 471 2974 τοῖς
485 2887 619 2982 Ἕλλησι
640 2890 684 2982 μή
705 2898 848 2982 πορίσας
870 2887 1026 2982 άριοτον,
1048 2899 1078 2981 5,
1093 2898 1122 2962 9.
1165 2896 1228 2982 ΠΙ,
1256 2904 1280 2982 1,

192 3006 248 3087 16,
269 3005 299 3088 2,
320 3007 356 3087 5,
383 3005 638 3088 11,13,3,15.
681 3003 739 3080 IV,
761 3005 791 3085 6,
817 3005 883 3068 12:
913 2999 1002 3070 πολὺ
1030 2999 1092 3091 γάρ
1122 3003 1206 3095 ῥᾷον
1227 2999 1281 3092 όρ-

190 3119 271 3180 θιον
290 3102 408 3198 ἀμαχεὶ
429 3111 514 3178 ἰέναι
534 3103 555 3198 ή
576 3103 697 3198 ὁμαλές
721 3165 727 3177 .
752 3165 758 3178 .
784 3164 789 3176 .
812 3116 868 3179 καὶ
896 3107 1028 3199 νόκτωρ
1057 3104 1175 3199 ἀμαχεὶ
1201 3119 1281 3198 μάλ-

190 3226 251 3286 λον
278 3211 320 3286 ἂν
351 3214 393 3286 τά
423 3213 490 3306 πρὸ
518 3222 635 3286 ποδῶν
663 3211 754 3306 ὁρῴη
784 3244 843 3298 τις.
889 3221 926 3305 V,
948 3222 978 3304 5,
1001 3223 1038 3302 9,
1062 3221 1091 3305 6,
1114 3225 1150 3304 9,
1173 3223 1202 3304 7,
1222 3223 1280 3306 30,

190 3329 291 3412 8,19.
341 3327 403 3412 VI,
425 3329 454 3408 3,
481 3329 546 3393 13:
576 3330 631 3393 καὶ
662 3321 707 3414 μή
738 3323 838 3412 μόνοι
870 3327 1069 3411 λειφθέντες
1097 3323 1197 3414 μόνοι
1224 3331 1281 3394 καὶ

189 3429 451 3520 κινδυνεύωμεν,
470 3437 500 3520 5,
522 3436 582 3516 20,
605 3436 633 3518 6,
656 3437 705 3500 20.
743 3434 818 3518 VII,
844 3440 870 3518 1,
893 3437 949 3518 30,
973 3439 1002 3518 3,
1028 3437 1081 3518 19,
1105 3438 1134 3518 6,
1160 3438 1198 3502 16
1213 3438 1280 3520 (2),

192 3544 247 3628 17,
267 3544 325 3627 30,
346 3543 401 3621 34,
422 3543 481 3625 36,
505 3544 568 3627 41,
601 3545 628 3620 ί,
653 3544 671 3607 7
695 3568 702 3608 :
725 3543 799 3609 ἐπεὶ
832 3543 867 3609 δὲ
896 3535 975 3630 ήμῐν
1002 3547 1095 3627 φίλοι
1124 3543 1280 3630 ἐγένεσθε

189 3655 244 3718 καὶ
266 3653 306 3718 δι’
328 3643 411 3737 ήμῖις
432 3646 492 3719 σὺν
512 3658 608 3729 θεοῖς
630 3649 721 3737 ἔχετε
742 3646 843 3737 τήνδε
866 3647 928 3738 τήν
947 3647 1069 3740 χώραν.

211 3816 216 3826 .
272 3761 392 3846 Cyrop.
412 3759 439 3843 I,
460 3761 490 3844 5,
515 3762 550 3825 11
575 3785 582 3825 :
615 3749 687 3826 ἀλλ’
720 3745 816 3826 οότοι
848 3760 979 3827 ἰδιῶταί
1007 3761 1069 3829 είσι
1096 3755 1181 3827 κατὰ
1201 3754 1281 3839 τοός

190 3862 333 3945 πόνους
358 3917 481 3946 ......
504 3857 665 3932 ἀλλὰκαὶ
688 3853 786 3934 οὗτοι
807 3867 938 3934 ίδιῶται
960 3863 1045 3935 κατὰ
1067 3862 1130 3936 τόν
1150 3861 1280 3954 ὕπνον,

190 3976 218 4058 6,
241 3977 260 4040 8
282 3976 311 4058 ί,
333 3977 370 4040 21
389 3997 437 4059 αι,
458 3975 508 4040 45.
551 3974 714 4060 ΙΙ,1,16,
739 3977 792 4060 11,
814 3977 844 4059 3,
867 3978 909 4041 8:
932 3967 1003 4062 ὁρῶ
1023 3971 1085 4062 γάρ
1109 3967 1281 4066 όμοίᾳμὲν

188 4087 298 4169 τροφή
320 4078 449 4160 πάντας
469 4074 554 4168 ἡμᾶς
572 4077 612 4148 τό
635 4089 728 4168 σῶμα
750 4073 944 4165 ἀσκοῦντας,
967 4075 1084 4169 ὁμοίας
1107 4085 1142 4150 δὲ
1164 4103 1280 4152 ουνου·

187 4194 258 4268 σίας
278 4184 409 4269 πάντας
429 4181 653 4277 ἀξιουμένους,
675 4181 781 4258 ταύτά
804 4192 839 4257 δὲ
860 4197 962 4258 πᾶσιν
985 4183 1063 4279 ήμῑν
1083 4188 1278 4277 πρόκειται,

189 4299 247 4384 23,
268 4299 297 4384 4,
320 4299 369 4364 31.
412 4299 475 4384 ΠΙ,
494 4301 520 4382 l,
546 4300 601 4384 153
625 4301 682 4383 16,
702 4301 733 4384 2,
759 4303 795 4366 15
817 4325 824 4366 :
848 4302 968 4379 δοῦλος
989 4292 1035 4379 όνς
1057 4291 1278 4372 σάδεπαλποτε
