3270 4978
878 425 920 494 28

352 629 441 696 velut
461 627 781 714 συμβουλευομένοις
802 621 1062 708 συνεβούλευσεν
1082 630 1160 714 (An.
1182 629 1352 716 11,1,1t);
1373 634 1445 718 μετ’

352 737 592 822 αἰσχυνομένου
614 735 833 822 αἰσχυνομένη
855 737 948 822 (Oyr.
970 736 1029 820 VI,
1050 739 1081 821 4,
1103 740 1147 822 6).
1198 738 1288 804 lilius
1318 743 1445 824 generis

351 846 454 931 prima
475 867 550 930 pars
569 844 808 911 Hellenioorum
830 866 946 924 unam,
977 846 1069 910 huius
1098 847 1178 912 haee
1198 849 1328 931 nullam,
1356 849 1443 914 Ana·

351 954 437 1018 basis
467 953 652 1036 duodecim,
694 953 897 1038 Cyropaedia
928 954 1200 1040 quattuordecim,
1240 957 1342 1022 altera
1370 979 1443 1042 pars

351 1061 589 1127 Hellenieorum
612 1070 687 1144 tres,
711 1063 807 1126 tertia
828 1083 924 1126 unam
946 1062 1088 1147 praebet.
1132 1063 1268 1129 Minoris
1291 1067 1445 1130 momenti

351 1178 409 1252 est,
433 1169 519 1255 quod
541 1171 573 1233 in
596 1172 691 1234 tertia
711 1179 804 1254 parte
824 1191 889 1233 non
910 1170 1046 1255 amplius
1077 1193 1141 1236 una
1162 1172 1344 1257 parochesis
1365 1173 1443 1256 legi·

351 1286 411 1342 tur.
457 1276 648 1342 continetur
670 1278 754 1342 enim
776 1276 879 1342 tribus
902 1278 1044 1361 vooibus,
1074 1279 1160 1365 quod
1183 1301 1224 1345 ne
1244 1281 1277 1344 in
1297 1281 1443 1346 Anabasi

351 1384 480 1470 quidem
510 1394 565 1450 aut
594 1385 626 1449 in
660 1385 863 1470 cyropaedia
891 1385 928 1451 fit
958 1386 1012 1470 (of.
1035 1409 1065 1471 p.
1090 1388 1153 1472 13).
1207 1387 1316 1468 Quare
1350 1412 1443 1455 nemo

350 1491 526 1576 mirabitur,
550 1492 636 1577 quod
659 1494 901 1578 paronomasia,
930 1515 1012 1578 quae
1036 1496 1177 1562 maxime
1198 1495 1373 1581 figurarum
1395 1521 1443 1563 or·

351 1600 496 1665 nantium
517 1609 549 1665 et
571 1609 672 1665 artem
695 1609 727 1665 et
749 1600 948 1684 diligentiam
970 1603 1134 1687 scriptoris
1155 1605 1272 1687 arguit,
1293 1607 1327 1669 in
1341 1607 1444 1690 prima

351 1717 443 1792 parte
464 1707 617 1773 historiae
639 1706 785 1773 Graecae
805 1729 936 1793 prorsus
958 1707 1058 1792 deest,
1080 1731 1153 1774 eum

598 1814 759 1880 Anabasis
863 1817 1145 1903 3paronomasias

600 1923 803 2009 Cyropaedia
865 1925 885 1990 8
1012 1976 1027 2012 ,

599 2029 684 2097 Hell.
706 2031 742 2097 Π
763 2054 793 2117 p.
864 2033 886 2098 2
1013 2084 1028 2120 ,

599 2139 683 2205 Heli.
705 2139 759 2205 HI
779 2162 811 2226 p.
864 2142 885 2206 2
1010 2191 1026 2227 ,

349 2246 532 2314 exhibeant.

432 2356 472 2421 In
492 2358 615 2442 primae
635 2356 735 2440 igitur
748 2356 989 2423 Hellenioorum
1010 2359 1110 2442 pertis
1130 2357 1318 2424 ornantibus
1332 2357 1443 2442 figuris

350 2487 389 2530 ea
408 2486 459 2529 ars
480 2464 694 2548 desideratur,
724 2487 805 2550 quae
833 2466 926 2530 alteri
953 2476 985 2532 et
1013 2468 1126 2532 tertiae
1156 2468 1334 2553 particum
1357 2469 1442 2531 Ana·

350 2572 420 2638 hesi
442 2582 474 2638 et
497 2573 702 2658 Cyropaedia
723 2575 900 2638 eommunis
923 2584 980 2640 est.
1023 2574 1147 2640 Eadem
1168 2574 1208 2640 de
1230 2595 1326 2639 eausa
1347 2576 1379 2639 in
1394 2575 1444 2640 his

349 2681 439 2746 libris
460 2680 582 2764 figurae
604 2683 821 2764 inveniuntur,
845 2704 924 2768 quas
947 2682 1055 2748 dedita
1074 2704 1172 2768 opera
1193 2683 1352 2768 quaesitas
1373 2704 1444 2747 esse

350 2791 546 2874 argumentis
561 2789 690 2875 probari
705 2793 816 2876 possit,
832 2793 865 2856 in
882 2792 936 2856 illo
948 2791 1072 2857 desunt.
1098 2791 1349 2876 Xenophontem
1359 2792 1443 2856 enim

350 2897 517 2981 Gorgiana
537 2899 682 2964 oratione
704 2921 744 2964 ex
765 2899 920 2964 industria
941 2921 1170 2986 nonnunquam
1191 2921 1284 2964 usum
1307 2920 1379 2964 esse
1393 2898 1442 2964 his

350 3010 428 3074 loeis
450 3006 528 3073 mihi
550 3027 735 3091 persuasum
757 3018 806 3074 est
829 3033 835 3072 :
1172 3073 1177 3089 ,

435 3117 467 3200 1)
490 3116 601 3203 Symp.
621 3115 665 3199 Π,
687 3116 728 3181 26
748 3139 755 3180 :
777 3107 818 3202 ἢν
839 3116 875 3181 δὲ
897 3107 974 3202 ἡμῖν
995 3114 1028 3181 οἱ
1049 3117 1166 3193 παῖδες
1185 3128 1316 3202 μικραῖς
1337 3108 1444 3195 κύλιξι

350 3219 460 3291 πυκνὰ
482 3217 748 3308 ἐπιψακάζωσιν,
776 3224 832 3289 ἳνα
862 3225 917 3290 καὶ
946 3217 1012 3308 ἐγώ
1040 3222 1077 3289 ἐν
1098 3225 1283 3310 Γοργιείοις
1305 3217 1444 3309 ῥήμασιν

350 3331 446 3416 εἶναι,
468 3323 577 3409 οὕτως
598 3321 640 3398 οὐ
660 3325 853 3417 βιαζόμενοι
884 3323 951 3398 ὑπὸ
984 3336 1047 3398 τοῦ
1076 3331 1172 3398 οἴνου
1191 3325 1342 3416 μεθύειν,
1372 3321 1443 3397 ἄλλ’

350 3431 616 3525 ἀναπειθόμενοι
635 3433 721 3525 πρὸς
741 3433 782 3505 τὸ
804 3439 1109 3534 παιγνιωδέστερον
1130 3428 1324 3523 ἀφιξόμεθα
1347 3440 1443 3524 (anti-

350 3550 463 3616 theton
485 3570 556 3614 oum
577 3549 806 3635 homoeoptoto
828 3548 935 3634 coni).

433 3658 467 3744 2)
489 3658 752 3742 Paronomasias,
787 3679 869 3742 quae
901 3655 1020 3742 Cyrop.
1039 3654 1102 3739 III,
1134 3657 1162 3739 1,
1187 3655 1244 3739 383
1274 3654 1322 3719 17.
1363 3653 1391 3738 Ι,
1413 3653 1443 3737 3,

353 3767 390 3831 17
423 3767 628 3831 inveniuntur
658 3765 713 3847 (et.
735 3787 765 3850 p.
790 3765 861 3848 13),
893 3764 934 3829 ad
962 3763 1176 3849 sophistarum
1207 3763 1364 3828 rationem
1395 3761 1441 3825 di-

352 3874 444 3940 eendi
465 3872 652 3939 imitandam
673 3872 833 3938 adhibitas
849 3894 920 3938 esse
934 3893 992 3957 pro
1009 3872 1175 3957 explorato
1189 3870 1301 3935 habeo.
1334 3871 1444 3935 Prima

353 3984 437 4048 enim
459 3991 566 4047 exstat
585 3982 619 4045 in
641 3982 785 4046 oratione
813 3980 950 4045 hominis
979 3979 1158 4062 cuiusdam,
1189 3980 1244 4064 qui
1265 3977 1328 4062 111,
1352 3979 1380 4061 1,
1404 3979 1443 4042 14

352 4085 510 4176 σοφιστής
531 4089 656 4174 dieitur,
679 4091 823 4174 quamvis
844 4110 946 4173 pauoa
967 4110 1039 4153 eum
1052 4087 1153 4153 verba
1167 4089 1304 4171 scriptor
1318 4087 1437 4151 facien-

352 4210 417 4266 tem
438 4198 584 4278 inducat,
613 4198 714 4263 altera
742 4196 928 4262 admiratori
954 4195 1173 4281 eius(HI,1,
1198 4196 1268 4279 14),
1295 4195 1440 4279 Tigrani,

352 4308 448 4374 tertia
472 4307 550 4392 Cyri
571 4307 725 4391 magistro
747 4306 903 4370 attributa
930 4314 987 4370 est.
1037 4303 1132 4386 Quod
1161 4304 1293 4369 fortuito
1322 4303 1442 4367 iactum
