3270 4978
784 413 971 508 --14,

616 641 658 728 Β.
711 639 887 746 Figurae
912 639 1139 724 incitantes.

714 805 748 881 a)
771 800 808 868 ln
830 800 1048 868 orationibus.

605 947 631 1009 1.
674 941 853 1030 Amphora
875 943 1095 1030 (οπῖίεῖνομίιο)
1107 945 1154 1026 ¹⁰).

416 1075 521 1142 Anab.
544 1075 570 1156 1,
591 1077 621 1159 3,
643 1076 682 1160 6,
715 1076 744 1158 6,
767 1076 796 1140 9.
848 1075 892 1159 ΙΙ,
914 1077 944 1158 5,
966 1076 986 1141 9
1008 1075 1075 1160 (2),
1101 1076 1138 1141 18
1160 1082 1336 1144 ,τοσαῦτα
1365 1078 1426 1164 μὲν

333 1184 432 1250 πεδία
456 1237 461 1248 .
487 1236 493 1248 .
518 1237 524 1248 .
547 1188 694 1250 τοσαῦτα
717 1183 752 1248 δὲ
775 1173 836 1270 ὅρη
859 1236 865 1248 .
891 1236 897 1249 .
922 1237 927 1248 .
951 1187 1108 1250 τοσοῦτοι
1130 1185 1158 1250 δ’
1180 1185 1242 1252 είσὶ
1261 1188 1426 1272 ποταμοί,

332 1291 383 1378 20.
426 1290 488 1372 ΙΙΙ,
516 1295 540 1372 l,
563 1292 621 1374 31,
651 1292 693 1355 40
715 1315 723 1355 :
746 1281 791 1368 ῶς
812 1279 953 1376 οίθίμοος
973 1291 1035 1375 μὲν
1054 1277 1164 1377 ἦλθον
1185 1292 1241 1358 ἐπὶ
1262 1287 1304 1359 τὰ
1326 1285 1425 1374 ὅπλα,

333 1389 474 1484 ἇβύμοος
495 1399 530 1465 δὲ
552 1393 638 1484 πρὸς
659 1392 719 1475 τὰς
734 1392 901 1482 φυλακάς,
922 1401 954 1481 2,
968 1401 989 1462 4
1004 1401 1071 1484 (2),
1097 1402 1151 1482 19,
1174 1401 1229 1482 23,
1252 1401 1308 1484 24,
1330 1402 1360 1485 4,
1375 1403 1424 1468 46.

333 1507 392 1590 IV,
414 1509 444 1591 6,
469 1508 532 1574 10*
564 1505 656 1590 (Hug
678 1497 723 1583 ὡς
752 1515 825 1592 post
847 1498 940 1585 ὅπως
962 1508 1128 1591 inseruit),
1163 1509 1230 1574 13:
1264 1502 1340 1589 ἐξὸν
1365 1509 1426 1592 μὲν

332 1609 454 1694 νυκτὸς
469 1605 612 1699 οίπιὲναι,
635 1605 680 1690 ῶς
697 1609 739 1697 μί
756 1605 911 1699 ὁρᾶσθαι,
926 1609 1003 1695 ἐξὸν
1018 1615 1053 1681 δὲ
1069 1606 1233 1682 ἀπελθεῖν
1248 1621 1421 1700 τοσοῦτον,

334 1716 379 1802 ὡς
409 1718 454 1810 μὴ
485 1723 641 1809 αίοθησιν
673 1723 839 1808 παρέχειν.
891 1723 930 1805 V,
954 1725 983 1806 6,
1005 1724 1054 1788 20.
1098 1723 1157 1808 VI,
1179 1725 1208 1808 3,
1234 1725 1301 1790 12:
1334 1715 1425 1790 οὕτω

332 1833 393 1918 μὲν
414 1835 552 1897 πολλῶν
567 1822 678 1896 ὄντων
692 1835 762 1895 τῶν
783 1833 963 1914 πολεμίων,
986 1821 1076 1896 οὕτω
1096 1831 1131 1896 δὲ
1146 1827 1425 1918 τεθαρρηκότων,

333 1940 434 2021 5,19.
478 1937 664 2020 V11‚1,21
691 1939 739 2024 (2)
763 1963 769 2002 :
792 1946 853 2004 νῦν
881 1942 933 2006 σοὶ
966 1937 1101 2019 ἔξεστιν,
1124 1931 1153 2005 ῶ
1174 1938 1348 2024 Ξενοφῶν,
1370 1931 1425 2006 οἷν-

334 2047 387 2131 δοὶ
407 2046 573 2131 γενέσθαι.
611 2043 694 2130 ἔχεις
714 2040 824 2124 πόλιν,
857 2043 940 2132 ἔχεις
962 2040 1120 2136 τριήρεις,
1153 2045 1236 2133 ἔχεις
1264 2043 1425 2134 χρήματα,

335 2160 419 2247 ἔχεις
433 2153 555 2248 ἄνδρας
577 2157 769 2240 τοσούτους.
792 2168 853 2228 νῦν
868 2154 919 2246 ἂν,
942 2162 971 2228 εί
984 2158 1122 2245 βούλοιο
1145 2159 1185 2230 σύ
1200 2189 1236 2231 τε
1251 2157 1335 2251 ἡμᾶς
1350 2156 1425 2250 ὀνή-

333 2275 507 2354 σαιςκτλ.,
528 2271 557 2349 3,
572 2271 631 2354 31,
654 2273 683 2354 6,
703 2271 741 2334 14
757 2271 823 2353 (2),
846 2272 902 2354 24,
924 2271 979 2352 25,
1005 2273 1062 2356 30,
1083 2273 1141 2356 33,
1163 2272 1221 2356 36,
1244 2273 1272 2357 7,
1294 2273 1351 2356 22,
1373 2274 1423 2338 42.

415 2378 634 2464 Cyrop.I,3,
659 2378 725 2443 18:
754 2374 795 2444 τὰ
825 2378 1008 2462 τεταγμένα
1035 2379 1097 2462 μὲν
1126 2394 1220 2446 ποιεῖ
1247 2385 1288 2464 τῇ
1314 2373 1423 2460 πόλει,

250 2553 252 2560 ,
332 2481 374 2554 τὰ
402 2487 586 2571 τεταγμένα
616 2486 652 2552 δὲ
683 2479 859 2570 λαμβάνει,
891 2487 922 2565 5,
945 2487 965 2549 9
987 2486 1017 2569 ί,
1051 2487 1089 2550 12
1111 2487 1139 2565 f;
1171 2489 1200 2571 6,
1223 2490 1242 2553 6
1266 2489 1332 2572 (2),
1365 2492 1422 2569 11,

336 2597 390 2676 14,
412 2596 441 2678 4,
463 2595 513 2660 45.
557 2594 601 2678 ΙΙ,
622 2595 652 2673 4,
674 2595 724 2658 31.
770 2593 831 2674 ΙΙΙ,
858 2587 1135 2678 1,15;1'6;24:
1169 2587 1423 2681 οἱδὲῆδημὲν

332 2696 492 2788 φυγάδες,
525 2693 586 2788 ἤδη
614 2702 642 2767 δ’
662 2692 848 2787 ἡττημένοι,
871 2692 932 2787 ἤδη
953 2701 988 2766 δὲ
1011 2696 1246 2787 δουλεύοντες,
1276 2705 1336 2784 26,
1365 2703 1422 2787 21,

332 2811 390 2894 30,
412 2810 468 2894 33,
489 2809 592 2893 3,18,
615 2811 674 2890 45,
697 2810 757 2892 50,
780 2810 840 2892 51,
863 2810 920 2892 59,
943 2810 992 2872 62.
1034 2808 1211 2894 IV,1,10;
1236 2811 1292 2894 15,
1314 2810 1422 2893 3,13:

331 2911 415 3002 ταχὺ
440 2917 501 3002 μὲν
523 2918 611 3003 φίλῳ
631 2917 881 3002 παραγενέσθαι
904 2969 910 2982 .
935 2969 941 2981 .
967 2967 985 3000 .,
1007 2912 1091 3001 ταχὺ
1113 2917 1148 2982 δὲ
1171 2967 1300 2983 .....
1324 2941 1422 2984 κατα-

331 3030 462 3109 λαβεῖν,
486 3027 540 3106 16,
567 3025 622 3108 19,
643 3025 693 3088 21.
736 3024 776 3109 V,
803 3034 828 3109 1,
852 3027 887 3109 ’1,
910 3025 939 3108 2,
961 3025 1021 3109 32,
1051 3025 1107 3108 36,
1139 3027 1169 3110 3,
1192 3025 1211 3090 9
1235 3027 1421 3111 (antistr.):

333 3125 410 3201 οὔτε
438 3129 501 3219 γὰρ
542 3125 584 3198 ἂν
622 3133 740 3214 φίλους
781 3157 831 3210 τις
868 3126 1039 3217 ποιήσειεν
1076 3123 1185 3210 ἄλλως
1214 3158 1287 3212 πῶς
1316 3136 1422 3200 πλείω

332 3233 443 3327 ἀγαθὰ
465 3241 502 3307 ἐν
522 3241 661 3326 πολέμῳ
675 3231 695 3324 ἢ
716 3241 875 3325 πολέμιος
890 3240 1001 3306 δοκῶν
1015 3235 1108 3320 εἶναι,
1133 3232 1203 3306 οἵτ’
1220 3233 1262 3306 ἂν
1279 3237 1423 3327 ἐχθροὺς

331 3351 437 3416 πλείω
459 3374 509 3427 τις
529 3344 691 3433 βλάψειεν
711 3340 820 3425 ἄλλως
840 3373 914 3425 πῶς
941 3340 961 3434 ἢ
990 3350 1089 3430 φίλος
1110 3349 1221 3416 δοκῶν
1243 3345 1343 3432 εἶναι,
1365 3351 1422 3432 33,

331 3459 361 3542 4,
387 3458 438 3539 13,
460 3459 521 3540 20,
541 3459 600 3542 21,
621 3457 650 3542 5,
678 3458 731 3537 19,
753 3457 803 3522 23.
847 3456 950 3540 V1,l‚
976 3458 1029 3540 14,
1051 3458 1152 3541 2,14;
1173 3458 1228 3541 22,
1250 3458 1280 3542 4,
1303 3459 1339 3540 9,
1366 3458 1422 3522 17:

332 3560 511 3652 Αἰγύπτιοι
527 3565 561 3632 δὲ
577 3557 701 3651 ὁμοίως
713 3565 775 3650 μὲν
789 3555 992 3650 ὡπλισμένοι
1006 3564 1097 3644 είοίν,
1121 3556 1245 3650 ὁμοίως
1260 3566 1295 3633 δὲ
1310 3590 1423 3652 τεταγ-

331 3677 434 3761 μένοι.
478 3674 553 3759 VH,
575 3676 604 3756 5,
627 3676 684 3758 21,
706 3675 763 3757 23,
785 3674 844 3758 52,
867 3675 915 3738 14.
959 3671 1052 3756 VIII,
1079 3675 1106 3756 l,
1129 3675 1148 3736 2
1171 3675 1238 3758 (2),
1260 3675 1289 3752 3,
1311 3675 1370 3759 40,
1392 3677 1421 3758 4,

335 3787 389 3868 11,
422 3784 450 3867 1,
473 3783 509 3867 8,
544 3784 580 3846 15
602 3784 771 3864 (antistr.);
806 3783 841 3847 16
863 3783 1048 3864 (antistr.):
1078 3783 1154 3847 τίνα
1181 3782 1208 3847 δ’
1230 3781 1359 3866 α’ίοχιον
1379 3775 1420 3868 μί

332 3896 441 3974 φιλεῖν
462 3883 482 3977 ἢ
503 3884 565 3957 τὸν
584 3879 752 3971 ιίδελφόν,
772 3892 847 3955 τίνοι
871 3890 898 3955 δ’
913 3881 1075 3954 ἁπάντων
1096 3884 1235 3955 κάλλιον
1255 3894 1423 3976 προτιμᾶν

331 3991 351 4086 ἢ
372 3993 435 4064 τὸν
456 3990 619 4080 ἀδελφόν,
642 3998 698 4079 18,
719 3998 779 4081 21,
801 3998 859 4082 24,
882 3997 932 4062 25.

401 4200 432 4269 ¹⁰)
451 4201 607 4268 Anaphoras
624 4200 811 4267 grammaticas
829 4198 888 4256 είτε
900 4229 931 4239 -
944 4200 1013 4266 είτε,
1032 4200 1099 4257 τότε
1116 4197 1169 4268 μέν
1189 4229 1219 4238 -
1239 4200 1304 4257 τότε
1323 4199 1352 4256 δέ
1370 4209 1420 4254 etc.

332 4289 445 4358 neglext
