<?xml version="1.0" encoding="UTF-8"?>
<!DOCTYPE html PUBLIC "-//W3C//DTD XHTML 1.0 Transitional//EN"
    "http://www.w3.org/TR/xhtml1/DTD/xhtml1-transitional.dtd">
<html xmlns="http://www.w3.org/1999/xhtml" xml:lang="en" lang="en">
 <head>
  <title>
</title>
<meta http-equiv="Content-Type" content="text/html;charset=utf-8" />
  <meta name='ocr-system' content='tesseract 3.04.00' />
  <meta name='ocr-capabilities' content='ocr_page ocr_carea ocr_par ocr_line ocrx_word'/>
</head>
<body>
  <div class='ocr_page' id='page_1' title='image "./degeneredicendi00wissgoog_0038.png"; bbox 0 0 3270 4978; ppageno 0'>
   <div class='ocr_carea' id='block_1_1' title="bbox 746 473 788 548">
    <p class='ocr_par' dir='ltr' id='par_1_1' title="bbox 746 473 788 548">
     <span class='ocr_line' id='line_1_1' title="bbox 746 473 788 548; baseline 0 0"><span class='ocrx_word' id='word_1_1' title='bbox 746 473 788 548; x_wconf 72' lang='lat'><strong>33</strong></span> 
     </span>
    </p>
   </div>
   <div class='ocr_carea' id='block_1_2' title="bbox 363 675 1309 768">
    <p class='ocr_par' dir='ltr' id='par_1_2' title="bbox 363 675 1309 768">
     <span class='ocr_line' id='line_1_2' title="bbox 363 675 1309 768; baseline 0.005 -28"><span class='ocrx_word' id='word_1_2' title='bbox 363 676 480 762; x_wconf 88' lang='lat' dir='ltr'><strong>anaph.</strong></span> <span class='ocrx_word' id='word_1_3' title='bbox 542 675 638 748; x_wconf 85' lang='lat' dir='ltr'><strong>anad·</strong></span> <span class='ocrx_word' id='word_1_4' title='bbox 704 677 817 768; x_wconf 80' lang='lat' dir='ltr'><strong>asyud.</strong></span> <span class='ocrx_word' id='word_1_5' title='bbox 869 678 1040 764; x_wconf 83' lang='lat' dir='ltr'><strong>polysynd.</strong></span> <span class='ocrx_word' id='word_1_6' title='bbox 1093 690 1171 746; x_wconf 89' lang='lat' dir='ltr'><strong>crot.</strong></span> <span class='ocrx_word' id='word_1_7' title='bbox 1225 679 1309 746; x_wconf 89' lang='lat' dir='ltr'><strong>clim.</strong></span> 
     </span>
    </p>
   </div>
   <div class='ocr_carea' id='block_1_3' title="bbox 218 782 1393 852">
    <p class='ocr_par' dir='ltr' id='par_1_3' title="bbox 218 782 1393 852">
     <span class='ocr_line' id='line_1_3' title="bbox 218 782 1393 852; baseline 0.001 0"><span class='ocrx_word' id='word_1_8' title='bbox 218 782 1393 852; x_wconf 71' lang='lat' dir='ltr'><strong>Ancalsntels-n·</strong></span> 
     </span>
    </p>
   </div>
   <div class='ocr_carea' id='block_1_4' title="bbox 216 891 1310 3134">
    <p class='ocr_par' dir='ltr' id='par_1_4' title="bbox 217 891 1274 1302">
     <span class='ocr_line' id='line_1_4' title="bbox 220 891 1270 977; baseline -0.001 -13"><span class='ocrx_word' id='word_1_9' title='bbox 220 891 338 977; x_wconf 78' lang='lat' dir='ltr'><strong>Cyrop.</strong></span> <span class='ocrx_word' id='word_1_10' title='bbox 407 891 448 956; x_wconf 88' lang='lat'><strong>66</strong></span> <span class='ocrx_word' id='word_1_11' title='bbox 568 893 609 958; x_wconf 86' lang='grc'>32</span> <span class='ocrx_word' id='word_1_12' title='bbox 730 893 747 958; x_wconf 79' lang='lat' dir='ltr'><strong>l</strong></span> <span class='ocrx_word' id='word_1_13' title='bbox 920 893 960 958; x_wconf 84' lang='lat'><strong>35</strong></span> <span class='ocrx_word' id='word_1_14' title='bbox 1131 895 1149 959; x_wconf 78' lang='lat'>7</span> <span class='ocrx_word' id='word_1_15' title='bbox 1249 895 1270 964; x_wconf 88' lang='grc'>6</span> 
     </span>
     <span class='ocr_line' id='line_1_5' title="bbox 217 999 1268 1068; baseline 0 -2"><span class='ocrx_word' id='word_1_16' title='bbox 217 999 303 1066; x_wconf 89' lang='lat' dir='ltr'><strong>Hell.</strong></span> <span class='ocrx_word' id='word_1_17' title='bbox 332 1000 350 1068; x_wconf 93' lang='grc' dir='ltr'>Ι</span> <span class='ocrx_word' id='word_1_18' title='bbox 403 1036 445 1050; x_wconf 88' lang='lat'><em>-</em></span> <span class='ocrx_word' id='word_1_19' title='bbox 587 1003 604 1065; x_wconf 96' lang='grc'>1</span> <span class='ocrx_word' id='word_1_20' title='bbox 705 1038 747 1048; x_wconf 94' lang='grc'>-</span> <span class='ocrx_word' id='word_1_21' title='bbox 937 1000 958 1065; x_wconf 98' lang='grc'>2</span> <span class='ocrx_word' id='word_1_22' title='bbox 1106 1038 1148 1053; x_wconf 82' lang='lat'><em>-</em></span> <span class='ocrx_word' id='word_1_23' title='bbox 1234 1039 1268 1050; x_wconf 89' lang='lat'>—</span> 
     </span>
     <span class='ocr_line' id='line_1_6' title="bbox 260 1107 1270 1192; baseline 0 -18"><span class='ocrx_word' id='word_1_24' title='bbox 260 1155 277 1192; x_wconf 90' lang='lat'>„</span> <span class='ocrx_word' id='word_1_25' title='bbox 315 1107 352 1174; x_wconf 88' lang='lat' dir='ltr'><strong>H</strong></span> <span class='ocrx_word' id='word_1_26' title='bbox 405 1109 444 1177; x_wconf 88' lang='lat'><strong>16</strong></span> <span class='ocrx_word' id='word_1_27' title='bbox 569 1107 607 1174; x_wconf 93' lang='grc'>12</span> <span class='ocrx_word' id='word_1_28' title='bbox 726 1108 748 1172; x_wconf 91' lang='grc'><strong>4</strong></span> <span class='ocrx_word' id='word_1_29' title='bbox 939 1108 961 1171; x_wconf 90' lang='grc'>4</span> <span class='ocrx_word' id='word_1_30' title='bbox 1128 1109 1150 1174; x_wconf 94' lang='grc'>2</span> <span class='ocrx_word' id='word_1_31' title='bbox 1248 1110 1270 1174; x_wconf 92' lang='grc'>2</span> 
     </span>
     <span class='ocr_line' id='line_1_7' title="bbox 260 1215 1274 1302; baseline 0.003 -22"><span class='ocrx_word' id='word_1_32' title='bbox 260 1215 352 1302; x_wconf 84' lang='grc' dir='ltr'><strong>,ΠΙ</strong></span> <span class='ocrx_word' id='word_1_33' title='bbox 403 1217 444 1282; x_wconf 89' lang='lat'><strong>30</strong></span> <span class='ocrx_word' id='word_1_34' title='bbox 584 1216 605 1280; x_wconf 89' lang='lat'>3</span> <span class='ocrx_word' id='word_1_35' title='bbox 724 1215 745 1280; x_wconf 98' lang='grc'>2</span> <span class='ocrx_word' id='word_1_36' title='bbox 935 1216 957 1279; x_wconf 88' lang='grc'><strong>4</strong></span> <span class='ocrx_word' id='word_1_37' title='bbox 1124 1217 1145 1281; x_wconf 89' lang='grc'>3</span> <span class='ocrx_word' id='word_1_38' title='bbox 1244 1216 1274 1283; x_wconf 88' lang='grc'><strong>3.</strong></span> 
     </span>
    </p>

    <p class='ocr_par' dir='ltr' id='par_1_5' title="bbox 216 1323 1310 3134">
     <span class='ocr_line' id='line_1_8' title="bbox 301 1323 1309 1412; baseline 0.001 -23"><span class='ocrx_word' id='word_1_39' title='bbox 301 1325 428 1390; x_wconf 84' lang='lat' dir='ltr'><strong>Primae</strong></span> <span class='ocrx_word' id='word_1_40' title='bbox 450 1325 548 1408; x_wconf 84' lang='lat' dir='ltr'><strong>igitur</strong></span> <span class='ocrx_word' id='word_1_41' title='bbox 560 1323 797 1389; x_wconf 84' lang='lat' dir='ltr'><strong>Hellenicorum</strong></span> <span class='ocrx_word' id='word_1_42' title='bbox 819 1323 918 1408; x_wconf 86' lang='lat' dir='ltr'><strong>partis</strong></span> <span class='ocrx_word' id='word_1_43' title='bbox 937 1326 1078 1388; x_wconf 86' lang='lat' dir='ltr'><strong>narratio</strong></span> <span class='ocrx_word' id='word_1_44' title='bbox 1092 1335 1125 1390; x_wconf 86' lang='lat' dir='ltr'><strong>st</strong></span> <span class='ocrx_word' id='word_1_45' title='bbox 1140 1324 1309 1412; x_wconf 77' lang='lat' dir='ltr'><strong>descriptio</strong></span> 
     </span>
     <span class='ocr_line' id='line_1_9' title="bbox 217 1429 1310 1518; baseline 0 -20"><span class='ocrx_word' id='word_1_46' title='bbox 217 1434 332 1498; x_wconf 90' lang='lat' dir='ltr'><strong>mirum</strong></span> <span class='ocrx_word' id='word_1_47' title='bbox 354 1442 474 1518; x_wconf 90' lang='lat' dir='ltr'><strong>quanto</strong></span> <span class='ocrx_word' id='word_1_48' title='bbox 495 1433 597 1497; x_wconf 81' lang='lat' dir='ltr'><strong>rarius</strong></span> <span class='ocrx_word' id='word_1_49' title='bbox 619 1452 716 1516; x_wconf 89' lang='lat' dir='ltr'><strong>quam</strong></span> <span class='ocrx_word' id='word_1_50' title='bbox 739 1429 901 1502; x_wconf 85' lang='lat' dir='ltr'><strong>Anabasis</strong></span> <span class='ocrx_word' id='word_1_51' title='bbox 921 1439 953 1502; x_wconf 90' lang='lat' dir='ltr'><strong>et</strong></span> <span class='ocrx_word' id='word_1_52' title='bbox 975 1431 1179 1516; x_wconf 77' lang='lat' dir='ltr'><strong>Oyropaedia</strong></span> <span class='ocrx_word' id='word_1_53' title='bbox 1198 1432 1310 1518; x_wconf 80' lang='lat' dir='ltr'><strong>figuris</strong></span> 
     </span>
     <span class='ocr_line' id='line_1_10' title="bbox 217 1539 1309 1625; baseline 0.001 -21"><span class='ocrx_word' id='word_1_54' title='bbox 217 1550 250 1605; x_wconf 86' lang='lat' dir='ltr'><strong>et</strong></span> <span class='ocrx_word' id='word_1_55' title='bbox 271 1552 429 1605; x_wconf 88' lang='lat' dir='ltr'><strong>commota</strong></span> <span class='ocrx_word' id='word_1_56' title='bbox 450 1550 483 1605; x_wconf 90' lang='lat' dir='ltr'><strong>et</strong></span> <span class='ocrx_word' id='word_1_57' title='bbox 505 1541 629 1604; x_wconf 81' lang='lat' dir='ltr'><strong>variata</strong></span> <span class='ocrx_word' id='word_1_58' title='bbox 650 1549 708 1604; x_wconf 88' lang='lat' dir='ltr'><strong>cst.</strong></span> <span class='ocrx_word' id='word_1_59' title='bbox 752 1541 802 1602; x_wconf 90' lang='lat' dir='ltr'><strong>Ac</strong></span> <span class='ocrx_word' id='word_1_60' title='bbox 831 1561 873 1604; x_wconf 92' lang='lat' dir='ltr'><strong>ne</strong></span> <span class='ocrx_word' id='word_1_61' title='bbox 900 1539 934 1602; x_wconf 94' lang='lat' dir='ltr'><strong>in</strong></span> <span class='ocrx_word' id='word_1_62' title='bbox 966 1539 1012 1603; x_wconf 88' lang='lat' dir='ltr'><strong>eis</strong></span> <span class='ocrx_word' id='word_1_63' title='bbox 1042 1539 1171 1625; x_wconf 90' lang='lat' dir='ltr'><strong>quidem</strong></span> <span class='ocrx_word' id='word_1_64' title='bbox 1198 1540 1309 1624; x_wconf 87' lang='lat' dir='ltr'><strong>figuris</strong></span> 
     </span>
     <span class='ocr_line' id='line_1_11' title="bbox 218 1646 1309 1733; baseline 0.001 -21"><span class='ocrx_word' id='word_1_65' title='bbox 218 1669 299 1733; x_wconf 87' lang='lat' dir='ltr'><strong>quae</strong></span> <span class='ocrx_word' id='word_1_66' title='bbox 330 1647 374 1713; x_wconf 93' lang='lat' dir='ltr'><strong>ibi</strong></span> <span class='ocrx_word' id='word_1_67' title='bbox 404 1649 554 1732; x_wconf 87' lang='lat' dir='ltr'><strong>leguntur</strong></span> <span class='ocrx_word' id='word_1_68' title='bbox 585 1646 758 1733; x_wconf 84' lang='lat' dir='ltr'><strong>quidquam</strong></span> <span class='ocrx_word' id='word_1_69' title='bbox 787 1648 865 1711; x_wconf 86' lang='lat' dir='ltr'><strong>artis</strong></span> <span class='ocrx_word' id='word_1_70' title='bbox 892 1648 992 1730; x_wconf 88' lang='lat' dir='ltr'><strong>inest,</strong></span> <span class='ocrx_word' id='word_1_71' title='bbox 1022 1669 1094 1712; x_wconf 90' lang='lat' dir='ltr'><strong>cum</strong></span> <span class='ocrx_word' id='word_1_72' title='bbox 1115 1647 1309 1733; x_wconf 75' lang='lat' dir='ltr'><strong>anadiplosis</strong></span> 
     </span>
     <span class='ocr_line' id='line_1_12' title="bbox 219 1751 1309 1841; baseline 0.002 -21"><span class='ocrx_word' id='word_1_73' title='bbox 219 1751 345 1840; x_wconf 77' lang='grc' dir='ltr'><strong>(ἕτερος</strong></span> <span class='ocrx_word' id='word_1_74' title='bbox 373 1759 422 1840; x_wconf 76' lang='grc' dir='ltr'><strong>τᾷ</strong></span> <span class='ocrx_word' id='word_1_75' title='bbox 455 1752 560 1841; x_wconf 78' lang='grc' dir='ltr'><em>ἑτέρῳ</em></span> <span class='ocrx_word' id='word_1_76' title='bbox 590 1754 843 1840; x_wconf 74' lang='grc' dir='ltr'><strong>παραγγέλλων)</strong></span> <span class='ocrx_word' id='word_1_77' title='bbox 882 1756 1105 1820; x_wconf 86' lang='lat' dir='ltr'><strong>coniunctione</strong></span> <span class='ocrx_word' id='word_1_78' title='bbox 1138 1755 1309 1822; x_wconf 77' lang='lat' dir='ltr'>vorborum</span> 
     </span>
     <span class='ocr_line' id='line_1_13' title="bbox 219 1863 1307 1950; baseline 0.003 -24"><span class='ocrx_word' id='word_1_79' title='bbox 219 1863 396 1947; x_wconf 89' lang='lat' dir='ltr'><strong>postuletur</strong></span> <span class='ocrx_word' id='word_1_80' title='bbox 434 1874 466 1928; x_wconf 91' lang='lat' dir='ltr'><strong>et</strong></span> <span class='ocrx_word' id='word_1_81' title='bbox 506 1863 719 1950; x_wconf 84' lang='lat' dir='ltr'><strong>polysyndeta</strong></span> <span class='ocrx_word' id='word_1_82' title='bbox 757 1863 904 1947; x_wconf 80' lang='lat' dir='ltr'><strong>languori</strong></span> <span class='ocrx_word' id='word_1_83' title='bbox 936 1864 1041 1948; x_wconf 88' lang='lat' dir='ltr'><strong>potius</strong></span> <span class='ocrx_word' id='word_1_84' title='bbox 1074 1883 1171 1949; x_wconf 87' lang='lat' dir='ltr'><strong>quam</strong></span> <span class='ocrx_word' id='word_1_85' title='bbox 1203 1865 1307 1930; x_wconf 85' lang='lat' dir='ltr'><strong>studio</strong></span> 
     </span>
     <span class='ocr_line' id='line_1_14' title="bbox 219 1969 1307 2055; baseline 0.004 -21"><span class='ocrx_word' id='word_1_86' title='bbox 219 1971 382 2055; x_wconf 90' lang='lat' dir='ltr'><strong>scriptoris</strong></span> <span class='ocrx_word' id='word_1_87' title='bbox 404 1969 608 2036; x_wconf 86' lang='lat' dir='ltr'><strong>attribuenda</strong></span> <span class='ocrx_word' id='word_1_88' title='bbox 630 1973 704 2035; x_wconf 91' lang='lat' dir='ltr'><strong>sint.</strong></span> <span class='ocrx_word' id='word_1_89' title='bbox 747 1969 889 2036; x_wconf 81' lang='lat' dir='ltr'><strong>Maxime</strong></span> <span class='ocrx_word' id='word_1_90' title='bbox 902 1979 1009 2035; x_wconf 89' lang='lat' dir='ltr'><strong>autem</strong></span> <span class='ocrx_word' id='word_1_91' title='bbox 1030 1970 1070 2035; x_wconf 80' lang='lat' dir='ltr'><strong>ed</strong></span> <span class='ocrx_word' id='word_1_92' title='bbox 1085 1970 1167 2036; x_wconf 90' lang='lat' dir='ltr'><strong>hanc</strong></span> <span class='ocrx_word' id='word_1_93' title='bbox 1181 1982 1307 2038; x_wconf 86' lang='lat' dir='ltr'><strong>sentcn-</strong></span> 
     </span>
     <span class='ocr_line' id='line_1_15' title="bbox 221 2077 1307 2164; baseline 0.004 -23"><span class='ocrx_word' id='word_1_94' title='bbox 221 2078 299 2142; x_wconf 86' lang='lat' dir='ltr'><strong>tiam</strong></span> <span class='ocrx_word' id='word_1_95' title='bbox 321 2099 358 2142; x_wconf 87' lang='lat' dir='ltr'><strong>eo</strong></span> <span class='ocrx_word' id='word_1_96' title='bbox 381 2077 556 2162; x_wconf 88' lang='lat' dir='ltr'><strong>perducor,</strong></span> <span class='ocrx_word' id='word_1_97' title='bbox 587 2077 672 2164; x_wconf 89' lang='lat' dir='ltr'><strong>quod</strong></span> <span class='ocrx_word' id='word_1_98' title='bbox 702 2099 760 2163; x_wconf 90' lang='lat' dir='ltr'><strong>per</strong></span> <span class='ocrx_word' id='word_1_99' title='bbox 786 2079 1006 2162; x_wconf 81' lang='lat' dir='ltr'><strong>undetriginta</strong></span> <span class='ocrx_word' id='word_1_100' title='bbox 1035 2080 1169 2163; x_wconf 85' lang='lat' dir='ltr'><strong>paginas</strong></span> <span class='ocrx_word' id='word_1_101' title='bbox 1200 2103 1241 2145; x_wconf 86' lang='lat' dir='ltr'><strong>ex</strong></span> <span class='ocrx_word' id='word_1_102' title='bbox 1262 2082 1307 2145; x_wconf 87' lang='lat' dir='ltr'><strong>sis</strong></span> 
     </span>
     <span class='ocr_line' id='line_1_16' title="bbox 220 2184 1309 2271; baseline 0.006 -22"><span class='ocrx_word' id='word_1_103' title='bbox 220 2184 348 2269; x_wconf 84' lang='lat' dir='ltr'><strong>figuris,</strong></span> <span class='ocrx_word' id='word_1_104' title='bbox 378 2208 461 2271; x_wconf 84' lang='lat' dir='ltr'><strong>quac</strong></span> <span class='ocrx_word' id='word_1_105' title='bbox 482 2187 510 2249; x_wconf 91' lang='lat' dir='ltr'><strong>si</strong></span> <span class='ocrx_word' id='word_1_106' title='bbox 530 2187 563 2250; x_wconf 93' lang='lat' dir='ltr'><strong>in</strong></span> <span class='ocrx_word' id='word_1_107' title='bbox 591 2187 775 2251; x_wconf 83' lang='lat' dir='ltr'><strong>narratione</strong></span> <span class='ocrx_word' id='word_1_108' title='bbox 802 2196 834 2252; x_wconf 90' lang='lat' dir='ltr'><strong>ct</strong></span> <span class='ocrx_word' id='word_1_109' title='bbox 863 2185 1076 2271; x_wconf 79' lang='lat' dir='ltr'><strong>descriptione</strong></span> <span class='ocrx_word' id='word_1_110' title='bbox 1105 2188 1309 2257; x_wconf 83' lang='lat' dir='ltr'><strong>inveniuntur</strong></span> 
     </span>
     <span class='ocr_line' id='line_1_17' title="bbox 218 2295 1309 2379; baseline 0.003 -21"><span class='ocrx_word' id='word_1_111' title='bbox 218 2305 287 2358; x_wconf 84' lang='lat' dir='ltr'><strong>arte</strong></span> <span class='ocrx_word' id='word_1_112' title='bbox 319 2295 483 2378; x_wconf 88' lang='lat' dir='ltr'><strong>quaesitae</strong></span> <span class='ocrx_word' id='word_1_113' title='bbox 515 2315 585 2358; x_wconf 86' lang='lat' dir='ltr'><strong>esse</strong></span> <span class='ocrx_word' id='word_1_114' title='bbox 614 2295 734 2375; x_wconf 85' lang='lat' dir='ltr'><strong>solent,</strong></span> <span class='ocrx_word' id='word_1_115' title='bbox 773 2295 861 2363; x_wconf 90' lang='lat' dir='ltr'><strong>nulla</strong></span> <span class='ocrx_word' id='word_1_116' title='bbox 890 2295 1016 2379; x_wconf 84' lang='lat' dir='ltr'><strong>legitur.</strong></span> <span class='ocrx_word' id='word_1_117' title='bbox 1067 2295 1194 2360; x_wconf 88' lang='lat' dir='ltr'><strong>Desunt</strong></span> <span class='ocrx_word' id='word_1_118' title='bbox 1224 2298 1309 2361; x_wconf 81' lang='lat' dir='ltr'><strong>enim</strong></span> 
     </span>
     <span class='ocr_line' id='line_1_18' title="bbox 219 2400 1307 2489; baseline 0.004 -24"><span class='ocrx_word' id='word_1_119' title='bbox 219 2400 387 2486; x_wconf 84' lang='lat' dir='ltr'><strong>asyndcta,</strong></span> <span class='ocrx_word' id='word_1_120' title='bbox 410 2400 525 2467; x_wconf 87' lang='lat' dir='ltr'><strong>desunt</strong></span> <span class='ocrx_word' id='word_1_121' title='bbox 546 2411 729 2483; x_wconf 87' lang='lat' dir='ltr'><strong>erotemsta,</strong></span> <span class='ocrx_word' id='word_1_122' title='bbox 753 2402 868 2466; x_wconf 83' lang='lat' dir='ltr'><strong>desunt</strong></span> <span class='ocrx_word' id='word_1_123' title='bbox 889 2401 1027 2489; x_wconf 87' lang='lat' dir='ltr'><strong>denique</strong></span> <span class='ocrx_word' id='word_1_124' title='bbox 1044 2424 1101 2467; x_wconf 88' lang='lat' dir='ltr'><strong>eac</strong></span> <span class='ocrx_word' id='word_1_125' title='bbox 1115 2403 1307 2488; x_wconf 84' lang='lat' dir='ltr'><strong>anaphoras,</strong></span> 
     </span>
     <span class='ocr_line' id='line_1_19' title="bbox 219 2508 1308 2594; baseline 0.005 -22"><span class='ocrx_word' id='word_1_126' title='bbox 219 2508 396 2593; x_wconf 89' lang='lat' dir='ltr'><strong>dequibus</strong></span> <span class='ocrx_word' id='word_1_127' title='bbox 426 2531 457 2594; x_wconf 91' lang='lat' dir='ltr'><strong>p.</strong></span> <span class='ocrx_word' id='word_1_128' title='bbox 479 2510 518 2574; x_wconf 87' lang='lat'><strong>61</strong></span> <span class='ocrx_word' id='word_1_129' title='bbox 552 2509 628 2574; x_wconf 82' lang='lat' dir='ltr'><strong>dixi.</strong></span> <span class='ocrx_word' id='word_1_130' title='bbox 680 2509 804 2589; x_wconf 78' lang='lat' dir='ltr'><strong>Quibus</strong></span> <span class='ocrx_word' id='word_1_131' title='bbox 830 2509 942 2594; x_wconf 85' lang='lat' dir='ltr'><strong>figuris</strong></span> <span class='ocrx_word' id='word_1_132' title='bbox 970 2513 998 2574; x_wconf 87' lang='lat' dir='ltr'><strong>si</strong></span> <span class='ocrx_word' id='word_1_133' title='bbox 1026 2513 1166 2576; x_wconf 83' lang='lat' dir='ltr'><strong>narratio</strong></span> <span class='ocrx_word' id='word_1_134' title='bbox 1195 2521 1228 2576; x_wconf 86' lang='lat' dir='ltr'><strong>et</strong></span> <span class='ocrx_word' id='word_1_135' title='bbox 1254 2513 1308 2578; x_wconf 85' lang='lat' dir='ltr'><strong>ds·</strong></span> 
     </span>
     <span class='ocr_line' id='line_1_20' title="bbox 217 2617 1309 2704; baseline 0.004 -24"><span class='ocrx_word' id='word_1_136' title='bbox 217 2618 349 2702; x_wconf 91' lang='lat' dir='ltr'><strong>scriptio</strong></span> <span class='ocrx_word' id='word_1_137' title='bbox 378 2618 576 2699; x_wconf 90' lang='lat' dir='ltr'><strong>concitatur,</strong></span> <span class='ocrx_word' id='word_1_138' title='bbox 618 2617 711 2682; x_wconf 85' lang='lat' dir='ltr'><strong>facile</strong></span> <span class='ocrx_word' id='word_1_139' title='bbox 743 2617 959 2682; x_wconf 80' lang='lat' dir='ltr'><strong>concludimus</strong></span> <span class='ocrx_word' id='word_1_140' title='bbox 987 2619 1065 2682; x_wconf 81' lang='lat' dir='ltr'><strong>alias</strong></span> <span class='ocrx_word' id='word_1_141' title='bbox 1094 2640 1239 2704; x_wconf 86' lang='lat' dir='ltr'><strong>quoque,</strong></span> <span class='ocrx_word' id='word_1_142' title='bbox 1268 2619 1309 2684; x_wconf 88' lang='lat' dir='ltr'><strong>de</strong></span> 
     </span>
     <span class='ocr_line' id='line_1_21' title="bbox 218 2723 1309 2809; baseline 0.004 -21"><span class='ocrx_word' id='word_1_143' title='bbox 218 2723 334 2809; x_wconf 87' lang='lat' dir='ltr'><strong>quibus</strong></span> <span class='ocrx_word' id='word_1_144' title='bbox 356 2723 495 2789; x_wconf 87' lang='lat' dir='ltr'><strong>dubitari</strong></span> <span class='ocrx_word' id='word_1_145' title='bbox 516 2725 627 2808; x_wconf 90' lang='lat' dir='ltr'><strong>possit,</strong></span> <span class='ocrx_word' id='word_1_146' title='bbox 648 2727 794 2791; x_wconf 89' lang='lat' dir='ltr'><strong>consulto</strong></span> <span class='ocrx_word' id='word_1_147' title='bbox 816 2724 975 2790; x_wconf 81' lang='lat' dir='ltr'><strong>adhibitas</strong></span> <span class='ocrx_word' id='word_1_148' title='bbox 998 2747 1078 2790; x_wconf 87' lang='lat' dir='ltr'><strong>esse.</strong></span> <span class='ocrx_word' id='word_1_149' title='bbox 1109 2725 1204 2792; x_wconf 85' lang='lat' dir='ltr'><strong>Tales</strong></span> <span class='ocrx_word' id='word_1_150' title='bbox 1224 2727 1309 2791; x_wconf 84' lang='lat' dir='ltr'><strong>enim</strong></span> 
     </span>
     <span class='ocr_line' id='line_1_22' title="bbox 217 2831 1309 2919; baseline 0.003 -23"><span class='ocrx_word' id='word_1_151' title='bbox 217 2833 313 2896; x_wconf 88' lang='lat' dir='ltr'><strong>etiam</strong></span> <span class='ocrx_word' id='word_1_152' title='bbox 334 2832 368 2894; x_wconf 94' lang='lat' dir='ltr'><strong>in</strong></span> <span class='ocrx_word' id='word_1_153' title='bbox 388 2831 542 2914; x_wconf 88' lang='lat' dir='ltr'><strong>Anabasi,</strong></span> <span class='ocrx_word' id='word_1_154' title='bbox 565 2834 599 2896; x_wconf 90' lang='lat' dir='ltr'><strong>in</strong></span> <span class='ocrx_word' id='word_1_155' title='bbox 621 2831 839 2917; x_wconf 84' lang='lat' dir='ltr'><strong>Cyropaedia,</strong></span> <span class='ocrx_word' id='word_1_156' title='bbox 869 2833 902 2896; x_wconf 93' lang='lat' dir='ltr'><strong>in</strong></span> <span class='ocrx_word' id='word_1_157' title='bbox 923 2833 1025 2898; x_wconf 86' lang='lat' dir='ltr'><strong>altera</strong></span> <span class='ocrx_word' id='word_1_158' title='bbox 1045 2842 1077 2897; x_wconf 85' lang='lat' dir='ltr'><strong>et</strong></span> <span class='ocrx_word' id='word_1_159' title='bbox 1098 2835 1194 2898; x_wconf 85' lang='lat' dir='ltr'><strong>tertia</strong></span> <span class='ocrx_word' id='word_1_160' title='bbox 1217 2844 1309 2919; x_wconf 79' lang='lat' dir='ltr'><strong>parte</strong></span> 
     </span>
     <span class='ocr_line' id='line_1_23' title="bbox 216 2938 1309 3026; baseline 0.005 -24"><span class='ocrx_word' id='word_1_161' title='bbox 216 2938 455 3006; x_wconf 87' lang='lat' dir='ltr'><strong>Hellenicorum</strong></span> <span class='ocrx_word' id='word_1_162' title='bbox 475 2940 602 3024; x_wconf 87' lang='lat' dir='ltr'><strong>saepius</strong></span> <span class='ocrx_word' id='word_1_163' title='bbox 624 2950 811 3024; x_wconf 88' lang='lat' dir='ltr'><strong>occurrunt,</strong></span> <span class='ocrx_word' id='word_1_164' title='bbox 841 2949 875 3005; x_wconf 87' lang='lat' dir='ltr'><strong>at</strong></span> <span class='ocrx_word' id='word_1_165' title='bbox 897 2962 938 3004; x_wconf 90' lang='lat' dir='ltr'><strong>ne</strong></span> <span class='ocrx_word' id='word_1_166' title='bbox 957 2940 1027 3005; x_wconf 84' lang='lat' dir='ltr'><strong>illas</strong></span> <span class='ocrx_word' id='word_1_167' title='bbox 1047 2941 1177 3026; x_wconf 82' lang='lat' dir='ltr'><strong>quidem</strong></span> <span class='ocrx_word' id='word_1_168' title='bbox 1197 2941 1309 3008; x_wconf 85' lang='lat' dir='ltr'><strong>deesse</strong></span> 
     </span>
     <span class='ocr_line' id='line_1_24' title="bbox 217 3045 843 3134; baseline 0.002 -24"><span class='ocrx_word' id='word_1_169' title='bbox 217 3057 249 3111; x_wconf 88' lang='lat' dir='ltr'><strong>et</strong></span> <span class='ocrx_word' id='word_1_170' title='bbox 269 3069 322 3134; x_wconf 93' lang='lat' dir='ltr'><strong>pp.</strong></span> <span class='ocrx_word' id='word_1_171' title='bbox 344 3046 394 3126; x_wconf 89' lang='grc'><strong>22,</strong></span> <span class='ocrx_word' id='word_1_172' title='bbox 417 3046 459 3110; x_wconf 88' lang='grc'><strong>23</strong></span> <span class='ocrx_word' id='word_1_173' title='bbox 479 3057 512 3112; x_wconf 89' lang='lat' dir='ltr'><strong>et</strong></span> <span class='ocrx_word' id='word_1_174' title='bbox 533 3045 566 3111; x_wconf 93' lang='lat' dir='ltr'><strong>hi</strong></span> <span class='ocrx_word' id='word_1_175' title='bbox 587 3047 649 3112; x_wconf 87' lang='lat' dir='ltr'><strong>loci</strong></span> <span class='ocrx_word' id='word_1_176' title='bbox 670 3047 843 3113; x_wconf 88' lang='lat' dir='ltr'><strong>indicant:</strong></span> 
     </span>
    </p>
   </div>
   <div class='ocr_carea' id='block_1_5' title="bbox 213 3204 1306 3736">
    <p class='ocr_par' dir='ltr' id='par_1_6' title="bbox 213 3204 1306 3736">
     <span class='ocr_line' id='line_1_25' title="bbox 573 3204 950 3292; baseline 0.003 -25"><span class='ocrx_word' id='word_1_177' title='bbox 573 3205 603 3288; x_wconf 85' lang='lat'><strong>1)</strong></span> <span class='ocrx_word' id='word_1_178' title='bbox 625 3204 803 3291; x_wconf 78' lang='lat' dir='ltr'><strong>Auupdoru</strong></span> <span class='ocrx_word' id='word_1_179' title='bbox 825 3204 905 3292; x_wconf 74' lang='lat' dir='ltr'><strong>trapl</strong></span> <span class='ocrx_word' id='word_1_180' title='bbox 944 3254 950 3268; x_wconf 93' lang='lat'><strong>.</strong></span> 
     </span>
     <span class='ocr_line' id='line_1_26' title="bbox 242 3327 1304 3416; baseline 0.003 -23"><span class='ocrx_word' id='word_1_181' title='bbox 242 3343 247 3356; x_wconf 93' lang='grc'>·</span> <span class='ocrx_word' id='word_1_182' title='bbox 297 3327 402 3394; x_wconf 86' lang='lat' dir='ltr'><strong>Anab.</strong></span> <span class='ocrx_word' id='word_1_183' title='bbox 418 3327 463 3406; x_wconf 86' lang='grc' dir='ltr'><strong>Π,</strong></span> <span class='ocrx_word' id='word_1_184' title='bbox 485 3329 515 3411; x_wconf 90' lang='grc'><strong>6,</strong></span> <span class='ocrx_word' id='word_1_185' title='bbox 537 3329 573 3412; x_wconf 77' lang='lat'><strong>63</strong></span> <span class='ocrx_word' id='word_1_186' title='bbox 595 3330 645 3393; x_wconf 83' lang='lat'><strong>21.</strong></span> <span class='ocrx_word' id='word_1_187' title='bbox 688 3328 747 3413; x_wconf 88' lang='lat' dir='ltr'><strong>IV,</strong></span> <span class='ocrx_word' id='word_1_188' title='bbox 769 3330 798 3413; x_wconf 76' lang='lat'><strong>7,</strong></span> <span class='ocrx_word' id='word_1_189' title='bbox 821 3330 869 3395; x_wconf 83' lang='grc'><strong>15.</strong></span> <span class='ocrx_word' id='word_1_190' title='bbox 913 3328 989 3412; x_wconf 89' lang='lat' dir='ltr'><strong>VH,</strong></span> <span class='ocrx_word' id='word_1_191' title='bbox 1011 3330 1042 3411; x_wconf 87' lang='lat'><strong>4,</strong></span> <span class='ocrx_word' id='word_1_192' title='bbox 1063 3330 1121 3415; x_wconf 78' lang='lat'><strong>223</strong></span> <span class='ocrx_word' id='word_1_193' title='bbox 1142 3331 1172 3416; x_wconf 84' lang='lat'><strong>5,</strong></span> <span class='ocrx_word' id='word_1_194' title='bbox 1196 3331 1304 3415; x_wconf 85' lang='lat'><strong>14;8,</strong></span> 
     </span>
     <span class='ocr_line' id='line_1_27' title="bbox 218 3435 1306 3524; baseline 0.006 -26"><span class='ocrx_word' id='word_1_195' title='bbox 218 3435 263 3506; x_wconf 75' lang='lat'><strong>15.</strong></span> <span class='ocrx_word' id='word_1_196' title='bbox 308 3435 426 3522; x_wconf 81' lang='lat' dir='ltr'><strong>Cyrop.</strong></span> <span class='ocrx_word' id='word_1_197' title='bbox 449 3436 476 3520; x_wconf 94' lang='lat' dir='ltr'><strong>I,</strong></span> <span class='ocrx_word' id='word_1_198' title='bbox 502 3440 528 3522; x_wconf 90' lang='lat'><strong>1,</strong></span> <span class='ocrx_word' id='word_1_199' title='bbox 549 3437 587 3521; x_wconf 80' lang='lat'><strong>33</strong></span> <span class='ocrx_word' id='word_1_200' title='bbox 610 3437 640 3522; x_wconf 80' lang='lat'><strong>5,</strong></span> <span class='ocrx_word' id='word_1_201' title='bbox 661 3437 692 3503; x_wconf 79' lang='lat'><strong>5.</strong></span> <span class='ocrx_word' id='word_1_202' title='bbox 725 3436 821 3522; x_wconf 84' lang='lat' dir='ltr'><strong>H‚3,</strong></span> <span class='ocrx_word' id='word_1_203' title='bbox 844 3437 892 3504; x_wconf 87' lang='lat'><strong>19.</strong></span> <span class='ocrx_word' id='word_1_204' title='bbox 925 3436 985 3521; x_wconf 89' lang='lat' dir='ltr'><strong>IV,</strong></span> <span class='ocrx_word' id='word_1_205' title='bbox 1010 3438 1037 3519; x_wconf 95' lang='lat' dir='ltr'><strong>l,</strong></span> <span class='ocrx_word' id='word_1_206' title='bbox 1059 3437 1088 3501; x_wconf 88' lang='grc'><strong>9.</strong></span> <span class='ocrx_word' id='word_1_207' title='bbox 1121 3437 1180 3524; x_wconf 92' lang='lat' dir='ltr'><strong>VI,</strong></span> <span class='ocrx_word' id='word_1_208' title='bbox 1204 3440 1231 3522; x_wconf 91' lang='grc'><strong>1,</strong></span> <span class='ocrx_word' id='word_1_209' title='bbox 1254 3439 1306 3504; x_wconf 85' lang='grc'><strong>24.</strong></span> 
     </span>
     <span class='ocr_line' id='line_1_28' title="bbox 215 3541 1304 3630; baseline 0.003 -23"><span class='ocrx_word' id='word_1_210' title='bbox 215 3541 291 3628; x_wconf 77' lang='lat' dir='ltr'><strong>VII,</strong></span> <span class='ocrx_word' id='word_1_211' title='bbox 317 3545 343 3628; x_wconf 86' lang='lat'><strong>1,</strong></span> <span class='ocrx_word' id='word_1_212' title='bbox 365 3543 474 3626; x_wconf 73' lang='lat'><strong>3535,</strong></span> <span class='ocrx_word' id='word_1_213' title='bbox 496 3545 546 3613; x_wconf 86' lang='lat'><strong>63.</strong></span> <span class='ocrx_word' id='word_1_214' title='bbox 580 3543 674 3628; x_wconf 91' lang='lat' dir='ltr'><strong>VIII,</strong></span> <span class='ocrx_word' id='word_1_215' title='bbox 696 3545 726 3628; x_wconf 85' lang='grc'>2,</span> <span class='ocrx_word' id='word_1_216' title='bbox 748 3544 784 3629; x_wconf 81' lang='grc'><strong>8;</strong></span> <span class='ocrx_word' id='word_1_217' title='bbox 807 3545 895 3629; x_wconf 77' lang='lat'><strong>933,</strong></span> <span class='ocrx_word' id='word_1_218' title='bbox 918 3545 1027 3630; x_wconf 75' lang='lat'><strong>1736,</strong></span> <span class='ocrx_word' id='word_1_219' title='bbox 1049 3546 1096 3613; x_wconf 92' lang='grc'><strong>16.</strong></span> <span class='ocrx_word' id='word_1_220' title='bbox 1151 3545 1304 3613; x_wconf 84' lang='lat' dir='ltr'><strong>Hellss.</strong></span> 
     </span>
     <span class='ocr_line' id='line_1_29' title="bbox 213 3648 837 3736; baseline 0.003 -21"><span class='ocrx_word' id='word_1_221' title='bbox 213 3649 276 3735; x_wconf 87' lang='lat' dir='ltr'><strong>III,</strong></span> <span class='ocrx_word' id='word_1_222' title='bbox 298 3651 328 3734; x_wconf 82' lang='lat'><strong>2,</strong></span> <span class='ocrx_word' id='word_1_223' title='bbox 352 3651 399 3719; x_wconf 91' lang='grc'><strong>10.</strong></span> <span class='ocrx_word' id='word_1_224' title='bbox 443 3648 526 3717; x_wconf 87' lang='lat' dir='ltr'><strong>Hell.</strong></span> <span class='ocrx_word' id='word_1_225' title='bbox 549 3651 611 3720; x_wconf 84' lang='grc' dir='ltr'><strong>ΙΠ,</strong></span> <span class='ocrx_word' id='word_1_226' title='bbox 657 3651 714 3736; x_wconf 93' lang='lat' dir='ltr'><strong>VI,</strong></span> <span class='ocrx_word' id='word_1_227' title='bbox 736 3655 765 3736; x_wconf 92' lang='grc'>2,</span> <span class='ocrx_word' id='word_1_228' title='bbox 786 3653 837 3718; x_wconf 89' lang='grc'><strong>26.</strong></span> 
     </span>
    </p>
   </div>
   <div class='ocr_carea' id='block_1_6' title="bbox 215 3809 1302 4508">
    <p class='ocr_par' dir='ltr' id='par_1_7' title="bbox 215 3809 1302 4508">
     <span class='ocr_line' id='line_1_30' title="bbox 581 3809 934 3898; baseline 0.003 -25"><span class='ocrx_word' id='word_1_229' title='bbox 581 3809 615 3892; x_wconf 93' lang='grc'>2)</span> <span class='ocrx_word' id='word_1_230' title='bbox 637 3810 702 3874; x_wconf 82' lang='lat' dir='ltr'><strong>An.</strong></span> <span class='ocrx_word' id='word_1_231' title='bbox 724 3810 934 3898; x_wconf 73' lang='lat' dir='ltr'><strong>quadruplos.</strong></span> 
     </span>
     <span class='ocr_line' id='line_1_31' title="bbox 297 3931 1302 4020; baseline 0.004 -23"><span class='ocrx_word' id='word_1_232' title='bbox 297 3931 414 4018; x_wconf 81' lang='lat' dir='ltr'><strong>Cyrop.</strong></span> <span class='ocrx_word' id='word_1_233' title='bbox 436 3932 463 4014; x_wconf 91' lang='lat'><strong>1,</strong></span> <span class='ocrx_word' id='word_1_234' title='bbox 489 3936 513 4011; x_wconf 96' lang='grc'><strong>1,</strong></span> <span class='ocrx_word' id='word_1_235' title='bbox 535 3933 573 4016; x_wconf 81' lang='grc' dir='ltr'><strong>ῠ;</strong></span> <span class='ocrx_word' id='word_1_236' title='bbox 594 3934 624 4017; x_wconf 91' lang='grc'>2,</span> <span class='ocrx_word' id='word_1_237' title='bbox 646 3935 674 4000; x_wconf 90' lang='grc'><strong>8.</strong></span> <span class='ocrx_word' id='word_1_238' title='bbox 704 3934 767 4019; x_wconf 89' lang='grc' dir='ltr'><strong>ΙΠ,</strong></span> <span class='ocrx_word' id='word_1_239' title='bbox 788 3937 818 4019; x_wconf 85' lang='grc'><strong>3,</strong></span> <span class='ocrx_word' id='word_1_240' title='bbox 839 3937 889 4001; x_wconf 77' lang='grc'><strong>21.</strong></span> <span class='ocrx_word' id='word_1_241' title='bbox 919 3935 960 4018; x_wconf 93' lang='lat' dir='ltr'><strong>V,</strong></span> <span class='ocrx_word' id='word_1_242' title='bbox 985 3939 1011 4019; x_wconf 93' lang='lat' dir='ltr'><strong>l,</strong></span> <span class='ocrx_word' id='word_1_243' title='bbox 1035 3937 1083 4001; x_wconf 92' lang='grc'><strong>18.</strong></span> <span class='ocrx_word' id='word_1_244' title='bbox 1106 3936 1200 4019; x_wconf 90' lang='lat' dir='ltr'><strong>VIII,</strong></span> <span class='ocrx_word' id='word_1_245' title='bbox 1220 3937 1251 4020; x_wconf 90' lang='grc'>2,</span> <span class='ocrx_word' id='word_1_246' title='bbox 1271 3938 1302 4001; x_wconf 87' lang='grc'><strong>6.</strong></span> 
     </span>
     <span class='ocr_line' id='line_1_32' title="bbox 215 4038 760 4123; baseline 0.006 -20"><span class='ocrx_word' id='word_1_247' title='bbox 215 4039 298 4104; x_wconf 90' lang='lat' dir='ltr'><strong>Hell.</strong></span> <span class='ocrx_word' id='word_1_248' title='bbox 321 4038 382 4104; x_wconf 91' lang='lat' dir='ltr'><strong>III.</strong></span> <span class='ocrx_word' id='word_1_249' title='bbox 428 4039 502 4123; x_wconf 90' lang='lat' dir='ltr'><strong>VH,</strong></span> <span class='ocrx_word' id='word_1_250' title='bbox 527 4041 553 4123; x_wconf 91' lang='lat'><strong>1,</strong></span> <span class='ocrx_word' id='word_1_251' title='bbox 575 4041 635 4121; x_wconf 78' lang='lat'><strong>253</strong></span> <span class='ocrx_word' id='word_1_252' title='bbox 656 4042 687 4123; x_wconf 87' lang='lat'><strong>4,</strong></span> <span class='ocrx_word' id='word_1_253' title='bbox 707 4042 760 4107; x_wconf 80' lang='grc'><strong>27.</strong></span> 
     </span>
     <span class='ocr_line' id='line_1_33' title="bbox 425 4198 1093 4284; baseline 0.004 -21"><span class='ocrx_word' id='word_1_254' title='bbox 425 4198 459 4281; x_wconf 87' lang='grc'><strong>3)</strong></span> <span class='ocrx_word' id='word_1_255' title='bbox 482 4200 546 4264; x_wconf 78' lang='lat' dir='ltr'><strong>Aa.</strong></span> <span class='ocrx_word' id='word_1_256' title='bbox 569 4222 648 4284; x_wconf 80' lang='lat' dir='ltr'><strong>quoe</strong></span> <span class='ocrx_word' id='word_1_257' title='bbox 669 4223 725 4268; x_wconf 75' lang='lat' dir='ltr'><strong>san</strong></span> <span class='ocrx_word' id='word_1_258' title='bbox 745 4201 890 4268; x_wconf 67' lang='lat' dir='ltr'><strong>manco</strong></span> <span class='ocrx_word' id='word_1_259' title='bbox 911 4203 1093 4270; x_wconf 70' lang='lat' dir='ltr'><strong>mmiaetm.</strong></span> 
     </span>
     <span class='ocr_line' id='line_1_34' title="bbox 298 4321 656 4408; baseline 0.006 -22"><span class='ocrx_word' id='word_1_260' title='bbox 298 4321 414 4408; x_wconf 81' lang='lat' dir='ltr'><strong>Cyrop.</strong></span> <span class='ocrx_word' id='word_1_261' title='bbox 437 4321 531 4406; x_wconf 85' lang='lat' dir='ltr'><strong>VIII,</strong></span> <span class='ocrx_word' id='word_1_262' title='bbox 553 4324 583 4406; x_wconf 93' lang='lat'><strong>6,</strong></span> <span class='ocrx_word' id='word_1_263' title='bbox 608 4325 656 4390; x_wconf 78' lang='lat'><strong>14.</strong></span> 
     </span>
     <span class='ocr_line' id='line_1_35' title="bbox 1081 4444 1101 4508; baseline 0 0"><span class='ocrx_word' id='word_1_264' title='bbox 1081 4444 1101 4508; x_wconf 87' lang='grc'>3</span> 
     </span>
    </p>
   </div>
   <div class='ocr_carea' id='block_1_7' title="bbox 0 0 1640 4978">
    <p class='ocr_par' dir='ltr' id='par_1_8' title="bbox 0 0 1640 4978">
     <span class='ocr_line' id='line_1_36' title="bbox 0 0 1640 4978; baseline 0 0"><span class='ocrx_word' id='word_1_265' title='bbox 0 0 1640 4978; x_wconf 95' lang='lat' dir='ltr'><strong> </strong></span> 
     </span>
    </p>
   </div>
  </div>
 </body>
</html>
