3270 4978
874 432 896 495 4

783 519 980 528 ..η--ι--ι-ᾠ

335 633 452 698 sensim
473 633 659 716 assueverit,
681 654 740 697 nec
762 632 964 699 considerare
986 656 1110 717 secum,
1142 633 1253 720 quanti
1275 632 1426 696 momenti

334 743 399 806 sint
420 742 462 807 ad
484 739 747 805 consuetudinem
763 739 889 805 dicendi
910 741 1097 806 mutandam
1120 752 1152 806 et
1172 763 1234 819 res,
1256 739 1426 825 dequibus

333 851 367 914 in
388 849 522 933 singulis
553 848 642 914 libris
671 870 775 914 sermo
806 849 863 932 sit,
894 859 926 913 et
948 849 1081 934 quilibet
1110 850 1190 914 alius
1209 870 1314 914 casus.
1358 845 1427 913 Nec

334 967 442 1023 tamen
474 979 546 1021 cum
579 957 760 1022 Hartmano
792 967 870 1041 puto
905 957 1112 1042 Roquettium
1155 966 1279 1021 tantum
1312 977 1428 1043 operae

333 1065 516 1151 laborisque
548 1066 580 1128 in
613 1064 777 1150 particulis
815 1063 1001 1156 colligendis
1034 1064 1153 1129 frustra
1182 1065 1342 1150 posuisse,
1371 1064 1426 1128 sed

333 1173 374 1238 ad
405 1174 492 1238 illam
522 1194 604 1258 quae
635 1181 684 1236 est
713 1171 752 1235 de
783 1171 857 1237 fatis
879 1171 1116 1236 Hellenicorum
1139 1173 1358 1257 quaestionem
1380 1172 1425 1235 di-

332 1279 536 1346 iudicandam
558 1279 677 1365 aliquid
700 1279 872 1344 contulisse
894 1279 971 1344 mihi
986 1281 1121 1345 videtur.
1166 1280 1260 1359 Quod
1276 1279 1351 1365 quid
1367 1281 1427 1344 sibi

332 1388 410 1454 velit
432 1387 492 1453 hac
512 1388 637 1452 ratione
660 1387 858 1471 cognoveris.

417 1496 491 1562 Scio
514 1490 667 1582 utrosque
688 1507 721 1562 et
743 1497 797 1582 qui
811 1495 979 1560 Hellenica
1000 1498 1033 1561 in
1048 1498 1209 1581 epitomen
1232 1518 1301 1561 esse
1316 1505 1427 1560 coacta

332 1604 394 1668 sibi
417 1591 642 1689 persuaserun't
658 1613 690 1668 et
705 1605 759 1689 qui
775 1626 845 1669 eam
860 1605 1051 1669 sententiam
1066 1604 1211 1670 refellere
1232 1606 1338 1669 conati
1353 1614 1427 1669 sunt

332 1713 447 1797 gravia
468 1724 658 1796 argumenta
688 1713 833 1776 attulisse
860 1691 957 1797 atque
984 1713 1018 1775 in
1048 1713 1207 1776 sententia
1236 1733 1294 1775 sua
1323 1711 1426 1776 adhuc

332 1841 546 1905 perseverare.
590 1819 694 1885 Nemo
718 1821 802 1884 enim
823 1820 956 1904 negabit
979 1842 1050 1885 cum
1074 1821 1106 1884 in
1123 1820 1269 1884 omnibus
1284 1819 1424 1884 Helleni-

333 1950 441 1992 corum
463 1928 608 2014 partibus
630 1937 698 1992 tum
720 1929 753 1991 in
782 1929 886 2014 prima
914 1928 1014 1992 multa
1044 1927 1216 1993 desiderari
1238 1949 1320 2013 quae
1342 1949 1424 1990 com-

332 2036 538 2100 memoranda
553 2036 683 2100 fuerunt
705 2046 802 2121 atque
825 2047 937 2100 contra
960 2038 1004 2100 eis
1026 2058 1108 2121 quae
1123 2036 1241 2100 tradita
1258 2046 1333 2101 sunt
1347 2058 1424 2100 non-

331 2165 494 2230 nunquam
517 2143 683 2208 consilium
707 2143 808 2208 videri
836 2143 954 2208 deesse.
1005 2144 1153 2210 Obicitur
1183 2145 1318 2228 primam
1348 2143 1424 2207 Hel-

331 2252 505 2316 lenicorum
527 2262 652 2336 partem
674 2253 776 2317 instar
798 2274 868 2317 esse
890 2254 1200 2333 commentariorum,
1223 2273 1303 2336 quos
1320 2251 1423 2315 elabo-

330 2359 423 2423 randi
445 2361 569 2424 occasio
592 2360 667 2424 data
687 2381 752 2424 non
775 2362 826 2442 sit,
849 2372 1018 2445 ceteraque
1039 2361 1072 2423 in
1101 2359 1218 2444 quibus
1246 2359 1426 2423 offendatur
1450 2349 1452 2354 ’

331 2467 372 2532 ab
401 2469 470 2553 ipso
491 2467 710 2554 Xenophonte
742 2470 911 2533 commissa
939 2491 1017 2533 esse.
1070 2468 1196 2552 Audio;
1228 2479 1261 2533 at
1289 2470 1424 2554 primam

329 2575 568 2641 Hellenicorum
590 2587 715 2662 partem
738 2600 807 2642 esse
829 2579 862 2640 in
875 2579 1045 2663 'epitomen
1068 2589 1212 2642 coactam
1233 2599 1297 2641 non
1319 2577 1423 2641 minus

329 2685 501 2749 verisimile
522 2685 626 2749 iudico
650 2707 745 2770 quam
767 2709 824 2771 pro
848 2687 1084 2750 commentariis
1109 2707 1183 2772 ¹earn
1216 2707 1286 2748 esse
1307 2685 1423 2748 haben-

329 2791 412 2858 dam.
456 2792 561 2871 Quam
583 2793 660 2858 mihi
682 2795 895 2878 suspicionem
916 2794 1077 2879 Roquette
1097 2794 1214 2872 movit,
1245 2775 1316 2856 cum
1339 2793 1424 2856 illam

330 2901 445 2964 mirum
468 2910 588 2985 quanto
612 2902 715 2964 minus
738 2922 833 2985 quam
856 2911 979 2966 ceteros
1000 2899 1227 2984 Xenophontis
1250 2900 1348 2963 libros
1370 2900 1424 2984 qui

329 3008 471 3073 eiusdem
502 3009 557 3072 vel
586 3010 696 3099 similis
725 3012 851 3092 generis
882 3019 956 3074 sunt
985 3010 1148 3094 particulis
1177 3010 1333 3072 variatam
1355 3029 1424 3072 esse

330 3115 573 3181 demonstraret.
619 3116 683 3182 Sed
700 3117 901 3201 gravioribus
919 3139 997 3204 opus
1014 3128 1063 3181 est
1078 3118 1287 3200 argumentis,
1310 3115 1423 3201 quibus

329 3223 415 3308 quod
438 3225 583 3310 suspicor
603 3225 764 3309 probetur.
808 3225 894 3290 Nam
923 3247 964 3289 ne
994 3226 1020 3288 is
1044 3224 1172 3311 quidem
1194 3225 1248 3309 qui
1270 3223 1421 3308 excerpit,

329 3331 500 3396 dummodo
522 3355 585 3398 non
611 3335 786 3398 sententias
808 3333 970 3420 abruptas,
1000 3332 1055 3397 sed
1078 3334 1161 3397 inter
1182 3353 1217 3395 se
1238 3332 1423 3394 coniunctas

328 3438 488 3524 exhibeat,
511 3442 675 3526 particulis
699 3464 807 3506 carere
828 3453 944 3526 potest.
990 3441 1137 3506 Certiora
1165 3461 1204 3504 ex
1226 3461 1285 3503 usu
1306 3438 1422 3522 figura-

326 3569 397 3611 rum
427 3547 508 3612 effici
537 3570 630 3633 posse
660 3550 817 3614 videntur.
869 3549 954 3614 Nam
987 3550 1014 3614 si
1054 3549 1156 3633 prima
1185 3546 1423 3611 Hellenicorum

327 3674 401 3739 pars
422 3657 474 3720 vel
495 3655 574 3720 adeo
598 3666 685 3720 totus
707 3658 796 3741 liber,
820 3667 855 3722 ut
879 3658 1017 3742 Campe,
1050 3655 1188 3721 Grosser
1201 3705 1210 3738 ,
1240 3655 1294 3719 alii
1317 3654 1422 3718 volue-

326 3772 411 3840 runt,
432 3762 465 3825 in
487 3764 647 3846 epitomen
670 3774 780 3829 coacta
802 3776 860 3848 est,
883 3763 1003 3848 figuras
1024 3765 1223 3848 potissimum
1242 3771 1278 3827 ut
1299 3761 1423 3826 inutilia
1494 3760 1496 3765 ’

326 3867 453 3933 dicendi
474 3880 662 3934 ornamenta
683 3871 723 3936 ab
747 3893 783 3936 eo
799 3873 854 3958 qui
868 3872 1026 3956 excerpsit
1042 3871 1182 3935 abiectas
1197 3871 1230 3934 in
1244 3868 1420 3934 Hellenicis
1513 3899 1518 3912 ⁴

326 3975 488 4062 aliquanto
509 3979 610 4041 rarius
631 3980 696 4063 legi
725 4002 821 4065 quam
849 3981 882 4043 in
913 3980 1028 4044 ceteris
1059 3978 1200 4043 eiusdem
1230 3978 1281 4041 vel
1311 3976 1421 4040 similis

325 4086 453 4168 generis
476 4085 566 4149 libris
590 4096 837 4151 consentaneum
859 4096 915 4152 est.
968 4086 1185 4164 Quamobrem
1215 4108 1255 4150 ex
1287 4083 1420 4167 singulis

324 4191 414 4256 libris
435 4192 554 4277 figuras
577 4194 726 4279 colligere
748 4205 780 4259 et
801 4197 932 4259 interse
947 4216 1131 4279 comparare
1146 4193 1416 4278 operaepretium

324 4301 438 4366 iudico.
482 4301 547 4367 Sed
569 4323 641 4367 cum
664 4297 810 4388 qualibus
831 4303 923 4367 libris
945 4301 1114 4367 Hellenica
1135 4311 1210 4386 apte
1232 4319 1418 4385 comparan-
