3270 4978
763 417 804 485 35

684 511 878 518 -—-—.-

237 621 428 685 sententiam
452 642 601 706 sequerer
623 630 655 684 et
677 643 732 703 ca,
756 642 837 706 quae
858 621 1021 707 Roquette
1050 641 1088 684 ex
1112 642 1171 684 usu
1192 621 1324 705 particu-

237 728 338 792 larum
360 729 502 793 effecisse
532 729 591 794 sibi
623 731 708 793 visus
740 729 951 814 est,'figuris
975 729 1155 792 confirmari
1174 739 1328 814 putarem.
1407 775 1409 777 .

237 834 357 899 Verum
380 837 479 900 multa
503 836 541 901 de
563 837 623 900 hac
644 860 679 900 re
700 859 824 901 mecum
841 819 1004 922 reputanti
1020 837 1155 921 primum
1172 835 1328 901 dubitatio

237 943 314 1006 mihi
347 953 434 1007 mota
466 953 531 1024 est,
564 965 639 1023 num
673 945 796 1008 iuvenis
825 943 1052 1028 Xenophontis
1081 965 1182 1026 genus
1203 943 1329 1008 dicendi

236 1050 354 1134 figuris*
370 1045 473 1115 minus
495 1062 689 1116 commotum
710 1053 808 1116 luisse
831 1073 925 1137 qnam
948 1053 1032 1116 senis
1049 1052 1219 1116 verisimile
1234 1060 1326 1134 esset,

238 1160 265 1222 si
287 1160 414 1244 quidem
436 1159 481 1224 illi
503 1157 575 1223 libri
597 1160 642 1224 eis
665 1160 732 1224 fere
753 1161 854 1242 annis,
878 1159 991 1245 quibus
1011 1159 1172 1244 Roquette
1202 1180 1254 1233 eos
1281 1169 1326 1222 at·

235 1266 409 1349 tribuit,¹⁷),
433 1268 604 1352 conscripti
626 1276 709 1331 sunt.
753 1266 1003 1352 Xenophontem
1019 1267 1127 1350 igitur,
1150 1268 1177 1330 si
1191 1268 1325 1351 primam

237 1384 360 1459 partem
385 1374 537 1438 historiae
560 1373 704 1439 Graecae
726 1374 818 1438 nobis
841 1374 991 1438 traditam
1013 1375 1201 1459 scripsisset,
1224 1397 1325 1469 genus

237 1482 363 1546 dicendi
384 1491 449 1546 tam
470 1503 553 1564 raro,
576 1503 671 1567 quam
694 1481 927 1564 demonstravi,
960 1481 1070 1565 figuris
1094 1483 1328 1546 concitaturum

236 1589 335 1653 fuisse
357 1589 433 1653 mihi
455 1588 645 1674 persuadere
661 1611 725 1653 non
740 1611 877 1674 possum.
920 1589 985 1654 Sed
1001 1590 1150 1674 quoniam
1166 1589 1206 1653 de
1220 1589 1327 1668 aetate

237 1699 358 1782 primae
379 1698 479 1781 partis
495 1677 733 1762 Hellenicorum
757 1697 834 1761 nihil
857 1707 992 1784 constat,
1014 1707 1069 1761 aut
1090 1695 1248 1779 prioribus
1270 1707 1325 1761 aut

238 1804 466 1891 posterioribus
488 1791 580 1868 annis
602 1827 696 1890 quam
712 1805 872 1891 Roquette
893 1803 1039 1869 attribuit
1061 1825 1130 1870 eam
1152 1804 1326 1869 attribuere

237 1915 319 1978 licet.
363 1912 542 1977 Redeamus
565 1915 663 1998 igitur
685 1912 724 1977 ad
753 1933 851 1989 uuum
879 1933 920 1977 ex
948 1911 1107 1996 prioribus
1134 1913 1227 1976 annis
1250 1913 1325 1994 (399

239 2021 365 2105 -396),
388 2030 579 2106 antequem
600 2022 657 2084 vix
689 2021 828 2086 scribere
857 2021 999 2106 potuisse
1028 2019 1163 2084 videtur.
1207 2018 1258 2083 Ne
1280 2021 1326 2084 sic

240 2130 367 2212 quidem
389 2128 546 2192 dubitatio
568 2128 706 2209 tollitur,
738 2151 819 2214 quae
847 2151 866 2192 a
896 2150 1013 2211 genere
1035 2127 1160 2191 dicendi
1181 2126 1326 2212 profecta
1382 2136 1385 2144 ’

239 2245 296 2300 est.
341 2235 516 2300 Considera
537 2246 651 2314 tecum,
675 2257 802 2321 quaeso,
824 2235 911 2300 haec.
964 2233 1148 2319 Xenophon
1177 2243 1245 2298 tum
1270 2235 1323 2298 tri-

238 2345 328 2428 ginta
339 2344 378 2422 18)
402 2344 469 2408 fere
491 2366 591 2408 annos
613 2354 706 2407 natus
728 2353 805 2408 crat.
838 2345 870 2407 A
884 2342 1017 2408 Socrate
1032 2353 1134 2407 artem
1148 2342 1325 2406 disserendi

237 2445 402 2516 didicerat.
456 2451 590 2537 Saepius
623 2461 655 2516 et
684 2453 843 2517 orationes
870 2453 994 2516 ratione
1022 2449 1164 2535 Gorgiae
1196 2459 1325 2515 ornatas

238 2560 404 2624 audiverat
426 2570 457 2623 et
480 2561 557 2643 ipsc,
586 2558 661 2623 dum
684 2559 814 2623 ducibus
833 2559 1012 2653 ‚interfectis
1035 2557 1168 2624 Graecis
1190 2559 1324 2644 impera-

238 2666 460 2752 bat,‘probum
483 2677 642 2731 oratorem
664 2689 699 2731 se
713 2668 925 2751 praestiterat.
969 2667 1057 2731 Num
1071 2675 1105 2730 tu
1121 2675 1213 2751 putas
1229 2667 1325 2730 talem

238 2774 397 2839 hominem
428 2777 562 2860 primam
593 2784 716 2860 partem
745 2774 983 2840 Hellenicorum
1011 2785 1078 2839 tam
1106 2797 1178 2838 raro
1200 2775 1324 2838 usitatis

238 2882 349 2967 liguris
372 2905 504 2948 ornasse
524 2884 575 2948 vel
598 2884 816 2966 commovisse,
839 2894 905 2948 tam
919 2905 991 2947 raro
1007 2875 1169 2967 particulis
1184 2883 1326 2946 variasse

239 2991 412 3076 (Roquette
434 2992 453 3055 l.
476 2993 495 3055 l.
518 3013 548 3075 p.
564 2991 646 3074 39)‘?
689 2990 758 3055 Iam
779 3013 856 3055 vero
879 2993 906 3055 si
927 2993 1031 3076 prima
1051 3013 1125 3076 pars
1146 2989 1325 3054 Hellenico-

238 3121 308 3163 rum
330 3110 402 3184 post
424 3121 453 3162 a.
475 3099 537 3162 393
559 3100 735 3182 composita
757 3108 815 3182 est,
838 3099 923 3184 quod
945 3099 985 3162 ad
1007 3121 1066 3163 nos
1086 3100 1232 3184 pervenit
1246 3118 1325 3182 opus

239 3228 258 3270 a
289 3187 504 3291 Xenophonte
537 3207 752 3291 conscriptum
784 3228 848 3271 non
883 3229 954 3271 esse
986 3228 1043 3292 pro
1085 3216 1170 3270 certo
1212 3205 1324 3270 babeo.

238 3313 329 3377 Tunc
351 3315 435 3377 enim
458 3313 738 3398 quadragesimum
761 3315 828 3378 fere
849 3335 969 3378 annum
983 3315 1097 3379 aetatis
1113 3313 1240 3397 agebat,
1262 3334 1325 3398 quc

238 3443 310 3485 eum
339 3421 379 3485 ad
412 3443 567 3485 summam
603 3443 698 3507 quam
730 3424 835 3507 potuit
867 3424 901 3485 in
932 3422 1065 3487 dicendo
1098 3421 1326 3506 perfectionem

239 3530 421 3612 pervenisse
441 3530 509 3592 veri
539 3530 640 3595 simile
668 3539 725 3594 est.
774 3529 1006 3614 Exspectamus
1035 3531 1133 3613 igitur
1161 3530 1193 3592 in
1224 3530 1326 3613 prima

239 3645 331 3719 parte
351 3634 598 3720 Hellenicorum,
622 3640 648 3701 si
669 3640 774 3702 minus
796 3638 988 3722 elegantiam
1005 3636 1163 3702 Anabasis
1179 3645 1211 3700 et
1226 3635 1326 3719 Cyro·

155 3765 159 3768 ·
240 3742 381 3827 paediae,
414 3754 447 3808 at
479 3745 664 3810 alacriorem
696 3758 803 3810 tamen
842 3756 874 3810 et
913 3747 1104 3809 ornatiorem
1141 3745 1326 3826 orationem,

309 3944 341 4011 Π)
362 3949 410 3997 393
429 3948 531 3997 Hellen.
551 3963 574 4012 p.
594 3949 615 4010 Ι,
651 3951 696 3997 371
719 3949 848 3998 Anabucis
868 3948 950 4011 edito,
977 3955 1036 4014 post
1054 3966 1077 3998 a.
1096 3951 1146 3998 364
1165 3945 1327 4013 Cyrcpaedia

240 4034 361 4083 confecta
381 4033 443 4094 (1.1.
464 4049 488 4097 p.
510 4031 575 4098 112).

310 4116 339 4183 ¹⁸)
359 4119 404 4168 Eis
423 4119 492 4169 enim
510 4119 649 4182 assentior,
669 4119 714 4184 qui
733 4120 914 4186 compluribus
940 4121 1004 4172 locis
1022 4120 1151 4171 Anabasis
1172 4119 1222 4168 nisi
1240 4119 1327 4168 Xeno·

239 4205 363 4269 phontem
383 4205 453 4256 circa
470 4222 568 4256 annum
588 4209 637 4257 430
656 4213 749 4257 natum
769 4199 825 4258 e'sse
843 4208 955 4259 credunt
974 4207 1116 4272 (Requette
1128 4207 1145 4255 l.
1158 4207 1174 4255 l.
1188 4221 1212 4273 p.
1230 4207 1257 4253 13
1271 4191 1325 4268 sqq.

240 4291 370 4342 Hartman
389 4292 406 4341 l.
425 4293 441 4342 l.
461 4307 484 4359 p.
509 4297 518 4341 l
540 4293 616 4359 sqq.).
