3250 4986
859 423 901 490 30

778 512 976 522 ——a-———

331 613 531 706 &soccoronio
552 617 637 688 εῐναι
658 616 769 709 ῥήτωρ
791 624 970 709 appellatur
992 625 1026 708 (ξ
1049 625 1066 689 7
1087 626 1156 710 in),
1179 627 1293 713 quibus
1315 629 1422 694 verbis

331 731 398 794 eius
420 751 510 796 amor
524 733 670 796 veritatis
685 733 860 817 significari
874 733 952 798 mihi
966 733 1102 800 videtur.
1145 735 1323 802 Liberrime
1338 739 1425 803 enim·

331 857 438 902 coram
453 837 714 904 Lacedaemoniis
736 840 880 926 profiteri
901 841 1008 925 audet,
1030 845 1119 926 istos,
1142 845 1196 928 qui
1211 847 1422 929 patrocinium

330 946 417 1030 pacis
430 947 640 1012 Autalcideae
662 949 868 1033 susceperint,
891 969 965 1013 eam
979 950 1066 1034 ipsos
1083 953 1275 1037 saepissime
1288 954 1422 1037 rupisse.

333 1051 463 1138 Optime
485 1056 584 1138 igitur
606 1057 635 1119 ei
657 1057 794 1140 scriptor
814 1056 972 1122 antitheta
998 1059 1093 1143 plena
1113 1059 1297 1125 acerbitatis
1307 1060 1346 1143 ¹³)
1369 1060 1421 1125 de-

330 1159 386 1247 dit,
418 1164 536 1249 quippe
567 1184 649 1248 quae
670 1164 711 1228 ad
733 1163 955 1229 illustrandam
976 1165 1062 1231 illam
1084 1166 1331 1253 discrepantiam
1352 1190 1421 1233 ver-

329 1270 443 1336 borum
466 1281 497 1337 et
518 1293 624 1337 rerum
646 1273 813 1357 aptissima
833 1272 1028 1339 viderentur.

412 1403 536 1483 Quibus
566 1406 642 1471 locis
673 1407 751 1472 satis
778 1406 933 1491 probasse
961 1407 1039 1472 mihi
1067 1407 1193 1493 videor,
1215 1407 1332 1473 Blassii
1351 1431 1420 1473 sen·

329 1513 463 1577 tentiam
485 1512 525 1577 de
538 1535 598 1576 usu
614 1514 796 1577 ornantium
810 1513 984 1596 figurarum
1000 1514 1187 1580 affirmantis
1200 1515 1239 1599 ¹⁴)
1252 1538 1259 1578 :
1284 1514 1421 1602 ,Immer
1441 1517 1451 1540 ”

329 1619 406 1684 aber
438 1619 545 1684 mecht
577 1620 628 1685 die
660 1621 804 1704 sonstige
831 1621 1106 1706 Zwanglosiglreit
1138 1622 1194 1688 des
1227 1623 1304 1688 Stils
1334 1623 1420 1688 diese

328 1725 471 1810 Figuren
494 1728 541 1792 als
562 1727 668 1792 nichts
683 1727 893 1793 Kttnstliches
910 1729 1114 1794 erscbeinen“
1138 1731 1184 1794 ita
1198 1731 1421 1815 corrigendam

330 1855 409 1916 esse,
430 1844 466 1899 ut
486 1834 739 1920 Xenophontem
760 1857 990 1922 nonuunquam
1014 1838 1059 1902 eis
1081 1836 1190 1903 dedita
1211 1859 1309 1923 opera
1328 1860 1420 1903 usum

330 1964 399 2007 esse
421 1942 571 2008 dicamus.
616 1945 804 2008 Atrectum
826 1945 910 2009 illius
938 1944 1089 2009 iudicium
1117 1954 1216 2030 esset,
1247 1947 1275 2010 si
1295 1945 1337 2010 ad
1359 1947 1420 2032 pri·

329 2035 413 2115 inam
442 2061 567 2116 tantum
601 2062 725 2137 partem
754 2051 994 2118 Hellenicorum
1029 2055 1212 2140 pertineret.
1264 2053 1419 2133 Quamvis

329 2159 413 2223 enim
435 2159 606 2242 diligenter
627 2182 697 2226 eam
718 2171 936 2247 perscrutatus
958 2164 1027 2246 sim,
1049 2163 1169 2228 nullam
1189 2164 1316 2248 repperi
1335 2161 1417 2228 Gor·

328 2267 457 2350 gianam
478 2266 624 2351 figuram,
647 2289 743 2353 quam
765 2279 833 2334 arte
855 2271 1032 2354 quaesitam
1047 2291 1117 2334 esse
1132 2269 1279 2334 dicerem.
1322 2269 1419 2334 Dicat

327 2377 485 2460 quispiam
507 2375 618 2441 eodem
648 2378 735 2460 iure,
768 2398 831 2462 quo
862 2377 967 2442 Anab.
991 2376 1031 2461 V,
1054 2378 1082 2460 7,
1104 2378 1146 2460 6,
1172 2377 1255 2443 Hell.
1277 2377 1305 2461 I,
1331 2383 1355 2458 1,
1380 2379 1420 2442 14

327 2463 507 2547 antitheton
538 2505 610 2547 cum
638 2484 779 2549 chiasmo
816 2485 1020 2550 coniunctum
1056 2486 1201 2550 consulto
1231 2495 1418 2571 usurpatum

327 2592 433 2675 putari
454 2613 554 2676 posse.
603 2593 667 2658 Sed
701 2592 765 2657 illic
792 2592 950 2658 cbiasmus
981 2603 1047 2658 tam
1077 2593 1256 2658 elaboratus
1285 2603 1349 2674 est,
1383 2605 1419 2659 ut

327 2680 427 2764 invito
449 2701 603 2784 scriptore
635 2721 707 2764 eum
737 2702 904 2786 irrepsisse
931 2703 985 2765 vix
1014 2701 1100 2766 credi
1121 2702 1232 2787 possit,
1265 2700 1317 2765 bic
1337 2723 1416 2766 sono

327 2807 514 2891 postulatur.

410 2939 571 3008 Ornantes
603 2941 702 3024 igitur
732 2937 852 3026 figuras
885 2943 1006 3027 primae
1046 2944 1145 3028 partis
1178 2940 1418 3007 Hellenicorum

326 3050 489 3135 aliquanto
510 3051 613 3142 miuus
636 3049 815 3114 elaboratas
846 3073 915 3114 esse
946 3072 1041 3135 quam
1063 3051 1224 3115 Anabasis
1253 3061 1287 3117 et
1317 3050 1416 3137 Cyro-

326 3158 475 3243 paediae,
505 3158 634 3222 alterius
662 3178 737 3222 vero
769 3169 802 3222 ct
830 3160 943 3223 tertiae
974 3159 1109 3223 eandem
1130 3160 1293 3244 scriptoris
1315 3169 1418 3223 artem

326 3288 462 3350 arguere
483 3266 560 3329 satis
583 3265 736 3350 probasse
756 3265 834 3330 mibi
855 3265 976 3330 videor.
1019 3265 1142 3331 Eadem
1170 3289 1210 3331 ex
1237 3266 1348 3351 figuris
1370 3268 1416 3330 in-

326 3373 497 3438 citantibus
530 3373 688 3437 discimus.
741 3373 791 3437 Ac
821 3375 958 3457 primum
989 3372 1118 3460 quidem
1148 3373 1188 3438 de
1219 3374 1416 3439 orationibus

326 3479 438 3546 dicam.
481 3479 646 3545 Exhibent
662 3482 822 3545 orationes
839 3480 1009 3566 Anabasis,
1034 3481 1264 3567 Cyropaediae,
1286 3483 1416 3547 alterius

327 3597 359 3652 et
386 3589 499 3653 tertiae
528 3589 627 3673 partis
658 3589 897 3654 Hellenicorum
934 3610 1044 3655 omnes
1080 3591 1249 3656 incitantes
1285 3591 1415 3674 figuras,

327 3717 398 3761 cum
427 3697 459 3761 in
489 3697 592 3782 prima
619 3706 711 3782 parte
741 3697 856 3761 climax
885 3706 917 3762 et
944 3696 1132 3782 hypophora
1160 3698 1272 3763 desint.
1321 3697 1415 3778 Quod

326 3806 487 3869 mentione
519 3802 651 3888 dignum
684 3814 749 3885 est,
783 3826 854 3868 cum
886 3803 947 3868 bae
977 3801 1112 3870 rariores
1150 3807 1214 3870 sint
1245 3815 1277 3870 et
1308 3805 1416 3870 dedita

206 3981 209 3990 ,
326 3933 423 3997 opera
445 3914 607 3996 quaesitae
629 3933 698 3976 esse
719 3912 852 3976 soleant.
895 3911 1062 3996 Leguntur
1083 3923 1190 3978 autem

325 4107 520 4114 *—

394 4225 699 4294 ¹⁸)§7m38f39l'.

394 4311 425 4382 ¹⁴)
443 4315 498 4367 Att.
516 4317 575 4367 Ber.
594 4318 627 4384 11,
646 4321 704 4368 444.
