3270 4978
843 407 885 522 a

769 545 964 558 Μ.

645 661 679 739 4)
702 663 767 726 Aa.
789 685 859 727 oram
873 663 988 748 pereso
1009 664 1087 728 corsi

405 791 510 856 Anah.
531 791 609 877 Ι,9,
633 793 680 858 10.
724 793 943 882 Cyrop.I,2,
968 797 1021 876 16,
1053 798 1083 879 5,
1103 797 1132 860 2.
1174 796 1219 878 ΙΙ,
1246 801 1272 881 l,
1296 799 1348 883 19,
1380 800 1412 884 3,

326 899 372 964 19.
415 898 478 982 ΠΙ,
498 901 527 980 3,
550 901 598 966 70.
641 900 750 985 IV,1,
775 902 822 966 13.
866 901 906 985 V,
929 904 959 985 3,
982 905 1030 968 25.
1070 903 1127 988 VI,
1152 907 1178 986 l,
1199 905 1249 970 53.
1282 905 1358 989 VII,
1383 911 1413 990 l,

322 1007 372 1071 35.
415 1005 508 1091 VIII,
529 1008 559 1087 2,
582 1009 669 1091 8;5,
691 1009 725 1091 4,
748 1009 797 1074 21.
848 1009 997 1076 Hell.H.
1040 1009 1084 1091 Π,
1105 1014 1135 1095 4,
1157 1013 1206 1077 25.
1249 1011 1308 1096 IV,
1330 1015 1360 1096 5,
1381 1015 1411 1080 2.

322 1112 363 1196 V,
386 1115 414 1198 1,
434 1114 484 1179 28.
526 1114 611 1180 Heli.
630 1114 692 1180 III.
736 1115 794 1196 VI,
816 1118 847 1200 4,
868 1118 926 1201 35,
948 1121 977 1200 5,
999 1119 1048 1183 49.
1081 1116 1157 1201 VH,
1181 1124 1207 1200 1,
1229 1120 1287 1202 31,
1309 1121 1339 1201 4,
1361 1123 1411 1186 23.

512 1281 547 1364 5)
568 1283 633 1348 Aa.
656 1307 724 1348 erun
746 1284 894 1350 mstitheto
916 1297 945 1350 et
964 1285 1109 1351 dornowa
1132 1287 1210 1351 corsi.

406 1411 524 1499 cyrop.
546 1412 640 1499 vm,
664 1416 690 1496 1,
718 1416 764 1481 19.
1025 1377 1027 1386 ’

540 1582 574 1665 6)
595 1583 660 1647 Aa.
683 1606 752 1648 curn
766 1584 882 1670 partho
903 1597 932 1648 et
952 1584 1095 1650 homoeot.
1118 1586 1198 1650 coni.

404 1714 509 1780 Anah.
531 1715 575 1780 H.
597 1716 627 1800 6,
649 1717 698 1781 21.
743 1717 861 1802 Cyrop.
881 1717 908 1803 Ι,
930 1720 960 1802 2,
985 1719 1031 1783 ll.
1074 1718 1150 1802 VII,
1171 1720 1202 1800 5,
1224 1720 1273 1784 63.
1316 1720 1410 1804 VIII,

321 1822 351 1905 3,
373 1821 433 1902 36,
455 1823 485 1905 6,
511 1824 557 1887 14.
599 1822 684 1889 Heli.
706 1823 769 1889 III.
813 1824 889 1909 VII,
911 1827 942 1909 2,
964 1827 1000 1908 2,
1021 1828 1051 1910 4,
1073 1827 1122 1892 30.

405 1931 549 2014 Apparet
571 1931 703 1995 alteram
726 1942 758 1997 et
780 1935 908 1998 tertiam
930 1944 1054 2018 partem
1075 1933 1314 2000 Hellenicorum
1337 1958 1410 2000 cum

321 2035 465 2101 Anabasi
497 2047 529 2102 et
552 2037 753 2124 Cyropaedia
781 2041 815 2104 in
842 2063 902 2105 usu
931 2063 1040 2107 earum
1069 2062 1195 2127 quoque
1224 2041 1410 2127 figurarum,

321 2145 436 2230 quibus
458 2147 600 2210 narratio
623 2155 655 2210 et
676 2146 847 2233 descriptio
870 2158 1097 2231 commovetur,
1118 2151 1259 2214 maxima
1272 2152 1409 2214 necessi-

320 2251 431 2318 tudine
453 2255 639 2318 coniunotas
661 2276 739 2319 esse.
774 2254 860 2333 Quin
875 2257 972 2320 etiam
986 2257 1171 2320 alacriorem
1192 2258 1409 2322 narrationem

238 2391 240 2396 ·
321 2380 415 2444 quam
438 2360 596 2427 Anabasis
622 2362 751 2441 habent,
774 2383 846 2426 cum
868 2365 900 2426 in
922 2362 981 2427 hac
1003 2374 1144 2428 erotema
1172 2363 1265 2429 desit.
1310 2363 1409 2429 Cuius

320 2469 366 2532 rei
387 2468 466 2533 haec
489 2491 584 2534 causa
605 2469 704 2534 fuisse
726 2469 870 2553 videtur,
900 2469 985 2555 quod
1015 2469 1216 2556 Xenophon,
1247 2473 1272 2536 si
1305 2474 1337 2535 in
1370 2494 1408 2536 eo

318 2575 415 2660 libro,
447 2598 541 2662 quem
571 2576 611 2642 de
639 2577 734 2642 rebus
765 2600 785 2641 a
812 2599 846 2642 se
876 2579 945 2663 ipso
978 2579 1077 2662 gestis
1105 2563 1290 2658 scriberet,
1312 2579 1408 2644 nimis

318 2684 477 2749 rhetorica
497 2686 679 2750 narratione
701 2694 859 2763 uteretur,
891 2686 936 2750 eis
959 2687 1062 2750 minus
1085 2685 1159 2750 fidei
1180 2708 1215 2750 se
1236 2686 1407 2751 allaturum

318 2813 388 2856 esse
409 2793 515 2856 sensit.

400 2899 495 2965 Nunc
517 2900 591 2985 quid
615 2923 655 2965 ex
683 2903 728 2965 eis
762 2922 843 2986 quae
873 2900 1008 2966 disserui
1037 2902 1144 2985 colligi
1172 2902 1273 2986 possit
1300 2901 1405 2985 dispu-

318 3006 403 3072 tabo.
446 3007 604 3094 Equidem
626 3010 671 3073 ita
692 3010 794 3073 sentio
817 3033 825 3074 ε
855 3009 994 3073 Primam
1023 3019 1147 3093 partem
1168 3008 1406 3073 Hellenioorum

317 3117 350 3178 in
372 3125 544 3199 angustum
566 3127 709 3180 coactam
733 3138 803 3180 esse
823 3116 1006 3180 verisimilis
1028 3125 1092 3198 est,
1125 3117 1208 3201 quia,
1240 3117 1342 3201 qualis
1363 3115 1405 3180 ad

318 3233 461 3288 nostram
484 3233 621 3288 aetatem
642 3224 798 3307 pervenit,
820 3223 994 3307 figurarum
1016 3245 1075 3288 usu
1097 3224 1227 3286 nimium
1250 3232 1404 3308 quantum

316 3329 357 3394 ab
379 3330 524 3395 Anabasi
545 3342 577 3396 et
598 3331 800 3417 Cynopaedia
820 3332 949 3396 recedit.
1364 3327 1369 3335 ⁸

397 3437 473 3503 Non
496 3438 616 3524 dubito,
639 3441 715 3525 quin
738 3439 799 3504 hoc
821 3461 891 3504 esee
913 3449 1126 3504 commentum
1148 3439 1177 3503 ei
1199 3437 1314 3503 dicturi
1329 3440 1403 3522 sint,

316 3545 370 3630 qui
391 3545 599 3632 Roquettium
621 3559 805 3634 sequuntur.
850 3547 914 3612 Hic
936 3547 969 3630 (l.
991 3547 1011 3611 l.
1034 3549 1054 3626 ἕ
1078 3545 1130 3623 11)
1152 3547 1273 3632 primae
1294 3545 1401 3611 Helle·

316 3653 458 3717 nieorum
480 3656 579 3738 partis
602 3663 634 3719 et
657 3654 847 3740 Cynegetioi
876 3676 978 3738 genus
1009 3653 1134 3718 dicendi
1155 3654 1317 3718 rarissime
1338 3675 1401 3718 om·

313 3761 401 3824 nium
413 3759 639 3847 Xenophontis
661 3762 814 3827 librorum
836 3762 999 3848 particulis
1013 3763 1172 3827 variatum
1189 3784 1258 3826 esse
1274 3761 1402 3826 demon·

314 3877 395 3932 strat
425 3867 520 3954 idque
547 3868 773 3954 Xenophontis
807 3871 887 3956 ,arti
917 3870 1059 3934 nondum
1089 3870 1192 3933 cultae
1223 3877 1320 3954 atque
1349 3891 1402 3933 ex-

313 3977 449 4062 politae“
474 3977 614 4043 dandum
645 4000 714 4043 esse
745 3979 805 4043 sibi
834 3977 1014 4063 persuadet.
1065 3976 1150 4057 Quid
1172 3976 1276 4060 ergo?
1306 3977 1403 4040 etiam

313 4105 370 4148 eae
391 4085 671 4169 dissimilitudines,
695 4107 774 4171 quae
796 4085 919 4169 figurae
940 4087 1060 4171 primae
1091 4085 1190 4170 partis
1222 4083 1401 4148 Hellenico·

313 4212 393 4276 rum,
425 4192 602 4277 Anabasis,
633 4192 854 4278 Cyropaediae
880 4193 1016 4274 habent,
1048 4193 1147 4257 aetati
1176 4190 1401 4277 Xenophontis

312 4299 533 4366 attribuendae
555 4301 653 4384 sunt?
697 4300 749 4366 Ac
770 4300 831 4364 fuit
852 4301 990 4386 quidem,
1013 4322 1084 4365 cum
1100 4322 1159 4385 ego
1175 4321 1303 4386 quoque
1319 4299 1403 4364 hanc
