3270 4978
848 423 889 493 38

768 515 965 524 —n———u--n

321 647 403 712 quae
423 627 631 692 retineantur.
675 626 773 692 Cuius
803 649 932 692 manum
960 630 1044 695 ultra
1073 630 1204 695 secundi
1225 629 1298 694 libri
1326 632 1412 696 tertii

320 736 433 820 capitis
447 734 648 801 undecimam
659 736 894 822 paragraphum
908 747 1088 821 grassatam
1106 760 1170 802 non
1183 761 1252 803 esse
1268 760 1285 802 e
1299 738 1411 822 figuris

320 864 429 908 eorum
449 843 600 926 locorum,
623 843 678 929 qui
698 845 833 929 primam
854 854 979 930 partem
994 846 1239 932 subsequuntur,
1262 846 1413 930 colligere

319 950 402 1016 licet.
446 951 545 1036 Legis
568 952 706 1016 enimin
729 953 925 1017 orationibus
947 954 1128 1019 antitheton
1158 976 1230 1018 cum
1251 955 1357 1039 pariso
1379 962 1413 1019 et

320 1058 575 1124 homoeoteleuto
599 1060 801 1124 coniunctum
823 1059 867 1143 Π,
888 1061 918 1144 3,
941 1061 1001 1142 333
1023 1062 1073 1145 53,
1096 1061 1299 1126 artificiosam
1321 1083 1412 1147 pare·

319 1167 437 1232 chesim
457 1166 502 1250 ΙΙ,
523 1167 552 1250 3,
575 1167 632 1250 293
654 1167 711 1246 39;
732 1168 783 1251 49,
805 1170 1059 1252 paronomasiam
1081 1168 1126 1254 ΙΙ,
1149 1171 1177 1253 3,
1199 1170 1249 1253 47,
1272 1169 1412 1255 anapho-

319 1296 388 1340 ram
417 1264 498 1340 cum'
519 1277 624 1360 pariso
656 1285 688 1340 et
717 1275 970 1342 homoeoteleuto
1000 1279 1202 1343 coniunctam
1230 1276 1274 1361 Π,
1302 1279 1331 1361 3,
1359 1278 1412 1361 24,

319 1382 540 1470 hypophoram
567 1383 612 1467 ΙΙ,
634 1383 664 1468 4,
689 1385 742 1468 163
771 1385 830 1468 403
858 1385 917 1468 41,
952 1385 994 1449 in
1017 1386 1201 1451 narratione
1231 1385 1412 1470 asyndeton

319 1492 436 1575 triplex
458 1490 501 1573 ΙΙ,
522 1492 552 1574 4,
574 1491 624 1556 33.

403 1597 495 1677 Quae
528 1621 598 1662 cum
630 1599 676 1664 ita
707 1600 787 1683 sint,
821 1622 862 1665 ne
894 1600 926 1664 id
960 1600 1104 1685 quidem,
1138 1599 1222 1685 quod
1255 1599 1411 1665 Dittrioh·

320 1705 487 1801 Fabricius
498 1707 537 1791 ⁹⁰)
559 1705 621 1771 sibi
642 1709 817 1791 persuasit,
848 1707 977 1773 defendi
1005 1717 1120 1794 potest.
1170 1707 1234 1786 Qui
1263 1728 1334 1772 eum
1357 1709 1412 1793 qui

320 1812 488 1879 Hellenica
516 1815 711 1900 excerpserit
740 1824 833 1901 putat
869 1817 1005 1901 primam
1042 1825 1166 1901 partem
1202 1814 1413 1901 Thucydidea

322 1923 446 1987 ratione
467 1932 666 2007 retractasse,
688 1924 821 1988 alteram
844 1923 994 2010 deinceps
1017 1926 1209 2009 tertiamque
1235 1925 1280 1988 ita
1301 1925 1334 1987 in
1355 1946 1411 1988 an-

321 2039 450 2114 gustum
483 2031 646 2114 coegisse,
687 2040 723 2095 ut
754 2031 913 2097 nonnullis
947 2032 1022 2096 locis
1055 2031 1279 2117 Xenophontis
1311 2030 1413 2095 verba

320 2139 448 2222 integra
478 2142 629 2203 servaret.
687 2137 760 2216 Qua
787 2140 911 2204 ratione
941 2140 1064 2206 etiamsi
1094 2140 1176 2204 bene
1206 2125 1412 2222 intellegitur,

322 2244 588 2331 quemadmodum
610 2247 642 2310 in
665 2248 710 2311 eis
733 2246 877 2332 partibus
899 2247 1028 2312 eaedem
1059 2247 1126 2311 fere
1147 2246 1269 2330 figurae
1290 2246 1411 2310 inveni-

321 2363 417 2418 antur
438 2375 521 2439 quae
543 2355 575 2418 in
598 2354 742 2418 Anabasi
765 2365 797 2420 et
820 2355 1031 2440 Oyropaedia,
1058 2365 1165 2420 tamen
1190 2375 1261 2418 cum
1284 2355 1413 2418 nonsit

322 2484 377 2526 cur
417 2462 550 2527 alteram
591 2472 623 2527 et
662 2464 788 2528 tertiam
826 2472 950 2542 partem
981 2464 1219 2528 Hellenicorum
1250 2463 1412 2546 integrum

321 2569 547 2653 Xenophontis
569 2593 648 2657 opus
671 2593 740 2636 esse
761 2592 925 2655 negemus,
947 2561 1035 2636 ¹illius
1058 2571 1249 2635 sententiam
1269 2570 1411 2634 refutan-

321 2679 394 2743 dam
416 2678 530 2743 iudico.

405 2787 534 2869 Restat,
561 2796 597 2851 ut
627 2787 730 2852 dicam
759 2787 799 2852 de
829 2787 1048 2871 similitudine,
1077 2807 1159 2872 quae
1188 2787 1271 2870 inter
1291 2786 1411 2870 figuras

321 2895 451 2960 alterius
475 2904 506 2959 et
528 2896 641 2960 tertiae
664 2897 762 2980 partis
785 2896 961 2960 intercedit.
1005 2893 1044 2958 ln
1066 2916 1162 2980 quam
1183 2916 1255 2959 cum
1275 2895 1411 2977 intueor,

227 3025 229 3032 ’
320 3004 428 3068 nescio
460 3025 501 3067 an
533 3025 596 3068 uno
630 3013 741 3069 tencre
773 3004 968 3090 compositae
999 3004 1071 3067 sint.
1121 3001 1245 3068 Tamen
1278 3004 1305 3067 si
1340 3005 1411 3088 quis

322 3111 511 3194 Nitsohii²¹)
541 3113 738 3195 argumentis
769 3121 943 3176 commotus
975 3111 1067 3176 aliter
1093 3111 1225 3194 sentiat,
1256 3132 1316 3194 ego
1347 3132 1410 3175 non

322 3219 519 3305 repugnabo,
542 3219 617 3303 quia
639 3221 672 3283 in
693 3219 753 3284 hac
774 3241 809 3282 re
830 3219 908 3283 nihil
931 3241 989 3305 pro
1020 3229 1107 3284 certo
1136 3219 1295 3303 explorari
1316 3239 1412 3303 posse

322 3326 399 3391 mihi
420 3326 555 3391 videtur.

403 3435 495 3501 Haec
516 3436 583 3500 fere
598 3444 681 3518 sunt,
704 3456 785 3520 quae
800 3456 841 3498 ex
856 3457 915 3499 usu
929 3434 1103 3519 figurarum
1117 3433 1288 3518 Anabasis,
1311 3433 1410 3520 Cyro-

322 3543 465 3629 paediae,
487 3544 725 3609 Hellenicorum
744 3542 850 3627 colligi
865 3564 959 3629 posse
975 3541 1078 3606 credo.
1121 3542 1171 3607 Ea
1184 3543 1287 3626 magis
1302 3542 1411 3607 adum·

322 3652 413 3716 bravi
436 3673 531 3736 quam
554 3651 726 3736 explicavi,
757 3652 831 3737 quia
852 3652 912 3717 hac
934 3651 1252 3715 commentatiuncula
1273 3651 1411 3714 maxime

322 3760 541 3825 demonstrare
561 3762 659 3841 volui,
682 3782 763 3847 quae
785 3760 867 3824 ratio
889 3761 922 3824 in
943 3781 1002 3824 usu
1024 3759 1198 3844 figurarum
1218 3760 1303 3824 inter
1323 3759 1411 3824 Ana·

322 3868 424 3952 basin,
447 3868 691 3954 Oyropaediam,
714 3867 881 3933 Hellenica
902 3867 1131 3950 intercederet,
1150 3867 1301 3932 secundo
1330 3867 1411 3951 loco,

321 3975 494 4062 quidinde
516 3977 665 4058 colligere
687 3975 804 4040 liceret.

322 4131 514 4138 ——-———--—.

389 4211 423 4280 ¹⁰)
443 4216 472 4265 N.
491 4215 577 4266 Jahrb
605 4217 622 4265 f.
641 4215 709 4266 Phil.
729 4217 761 4265 93
781 4214 873 4280 (1866)
892 4232 916 4281 p.
936 4217 992 4266 455.

389 4297 423 4366 ar)
442 4300 596 4369 Abfmung
615 4302 638 4352 d.
658 4301 807 4352 Hellenika
844 4302 912 4352 Borl.
933 4306 1007 4353 1871.
1043 4317 1067 4369 p
1089 4306 1097 4350 l
1121 4315 1175 4365 ⁸441·
