3270 4978
773 390 971 491 *aa*

324 593 482 680 παρέξειν
513 590 666 679 taenea,
699 582 842 678 άκεῑχον
871 592 907 659 δὲ
934 596 994 679 τῆς
1022 581 1179 669 Ἑλλάδος
1207 580 1248 660 σά
1273 605 1369 676 μαῖον
1399 582 1420 676 ἢ

325 695 425 789 μύρια
444 695 563 770 στάδια
584 708 655 769 κτλ.
699 700 776 783 VH,
798 703 828 784 5,
849 701 889 766 27
913 701 969 784 (of.
992 700 1187 787 polysynd.).

412 809 529 896 Gyrop.
552 808 615 893 ΙΙΙ,
636 809 665 892 3,
688 809 727 876 27
753 833 760 874 :
791 806 890 895 ἔργον
921 808 983 894 μὲν
1011 802 1134 886 νυκτὸς
1161 812 1257 876 λῦσαι
1286 806 1421 886 λκκους,

330 915 429 1004 ἔργον
450 916 486 982 δὲ
507 920 706 1002 χαλινῶσαι,
729 913 827 1002 ἔργον
849 915 884 983 δὲ
906 909 1077 996 ἐπισάξαι,
1101 913 1199 1002 ἔργον
1219 916 1255 982 δὲ
1276 919 1422 1001 θωρακί-

330 1031 454 1092 σασθαι
475 1029 565 1109 κτλ,
586 1025 637 1089 59.
682 1022 757 1107 VH,
779 1025 808 1106 4,
833 1025 880 1088 16.
930 1022 1025 1107 VHI,
1049 1025 1075 1104 1,
1102 1024 1154 1107 143
1185 1023 1255 1090 22:
1286 1015 1340 1091 ὅτι
1367 1025 1422 1090 καὶ

330 1126 466 1205 τάττειν
487 1121 600 1209 ἱκανάς
628 1129 698 1199 ἐστι
727 1133 783 1198 καὶ
814 1122 897 1218 ὁρᾶν
921 1124 984 1198 τὸν
1004 1120 1214 1198 ἀτακτοῦντα
1246 1134 1302 1199 καὶ
1325 1125 1422 1198 κολά-

331 1246 417 1325 ζειν;
438 1241 468 1323 2,
492 1241 520 1304 7.

413 1347 651 1420 Hellenioorum
672 1369 703 1434 p.
725 1347 742 1414 Ι
763 1347 852 1414 nulla
871 1348 1041 1414 invenitur.

416 1477 447 1542 p.
470 1454 514 1523 ΙΙ.
557 1454 615 1538 IV,
638 1457 666 1536 3,
691 1455 730 1522 19
753 1480 760 1520 :
783 1454 970 1536 ἐωθοῦντο,
1000 1448 1185 1541 ἐμάχοντο,
1214 1445 1423 1536 ἀπέκτεινον,

331 1553 558 1648 άπέθνῃσκον.
601 1563 643 1646 V,
667 1565 694 1643 1,
717 1563 762 1628 9*
784 1563 968 1649 (Hartman,
990 1565 1010 1629 l.
1032 1565 1051 1630 l.
1074 1585 1105 1650 p.
1128 1564 1213 1647 363).

416 1693 448 1757 p.
469 1669 532 1739 III.
575 1670 634 1755 VI,
655 1671 685 1756 4,
706 1671 777 1738 28:
808 1671 909 1757 μέγας
939 1671 1001 1756 μὲν
1031 1657 1148 1757 ἦνκαὶ
1176 1663 1230 1737 διὰ
1261 1664 1361 1736 τὸ..
1386 1723 1392 1737 .
1417 1692 1424 1706 ·

334 1777 383 1849 ἔτι
404 1779 439 1846 δὲ
460 1781 584 1866 μείζων
604 1781 659 1848 καὶ
674 1772 783 1846 διὰτὸ
806 1774 1039 1865 συμμάχους..
1058 1832 1064 1846 .
1083 1779 1237 1864 μέγιστος
1250 1779 1279 1845 ά
1289 1767 1333 1865 ἦν
1354 1784 1425 1846 τῶν

332 1889 412 1954 καθ’
434 1878 539 1955 αὑτὸν
558 1893 606 1974 τᾷ
631 1941 637 1954 .
661 1940 668 1954 .
691 1941 698 1954 .
722 1883 815 1961 εἶναι.
857 1887 935 1973 VII,
958 1890 987 1970 2,
1009 1889 1046 1970 2;
1067 1890 1097 1974 5,
1119 1889 1170 1954 22.

859 2188 904 2255 Π.

416 2355 487 2421 Iam
519 2356 656 2442 primum
688 2355 808 2441 figuras
842 2355 1004 2422 Anabasis
1040 2365 1072 2422 et
1104 2356 1325 2442 Oyropaodiae
1356 2378 1427 2421 oum

335 2465 574 2534 Hellenioorum
595 2465 706 2550 ligurio
729 2464 931 2551 comparabo,
954 2464 1069 2530 deindo
1090 2486 1258 2551 exponam,
1289 2465 1428 2550 quidex

337 2594 446 2640 aarum
466 2595 526 2637 usu
548 2572 656 2657 colligi
686 2595 781 2659 posse
811 2572 889 2638 mihi
910 2572 1065 2638 videatur.
1108 2573 1303 2658 Inoipiamuo
1330 2573 1428 2656 igitur

337 2705 357 2748 a
378 2681 490 2766 liguria
512 2682 700 2747 orationum.

420 2789 530 2876 Atque
552 2789 733 2856 antitheton
754 2791 789 2854 in
810 2789 1008 2856 orationibus
1039 2798 1070 2854 et
1091 2788 1252 2856 Anabaaia
1274 2797 1306 2855 et
1328 2788 1427 2874 Cyro-

337 2895 471 2981 paediae
493 2905 525 2962 et
538 2895 778 2962 Hellenioorum
798 2895 1057 2982 frequentissime
1076 2897 1141 2981 legi
1162 2897 1223 2962 hae
1243 2895 1353 2962 tabula
1373 2896 1427 2962 do·

338 3011 454 3070 oetur:

488 3111 650 3179 Anabasla
733 3112 775 3177 52
795 3113 933 3198 paginae
945 3112 984 3195 ¹¹)
1048 3113 1089 3178 93
1110 3112 1269 3178 antitheta

488 3219 692 3306 Cpropaodia
715 3219 773 3285 122
859 3269 875 3305 ,,
1037 3221 1096 3286 159
1180 3270 1196 3306 ,‚

488 3326 614 3394 Helll
754 3327 876 3414 5²J2,
1058 3328 1097 3393 19
1181 3378 1197 3414 ,

488 3434 572 3501 Hell.
595 3435 630 3500 H
737 3436 776 3500 19
860 3485 876 3521 ,‚
1057 3436 1096 3500 76
1182 3485 1197 3521 ,,

489 3541 574 3612 Hell.
596 3542 650 3608 111
733 3543 776 3609 20
860 3593 875 3630 ,
1052 3544 1093 3608 55
1180 3591 1195 3628 ,

322 3753 325 3762 ι
423 3669 578 3735 Videmus
599 3668 748 3734 antitheti
770 3691 861 3734 usum
883 3669 916 3734 in
939 3668 1085 3734 omnibus
1100 3667 1338 3733 Hellenioorum
1359 3690 1430 3754 par·

254 3805 256 3809 ’
341 3778 427 3845 tibus
449 3778 698 3864 frequentiorem
729 3799 798 3842 eoae
827 3798 923 3863 qoam
943 3779 977 3842 in
999 3775 1144 3841 Anabasi
1165 3786 1198 3841 et
1220 3774 1430 3862 Cynopaedia.

342 3886 416 3952 Hoo
435 3886 601 3952 antithetis
623 3886 821 3970 singularum
837 3885 1017 3955 orationum
1033 3883 1247 3949 confirmatur.
1283 3884 1432 3969 Exempli

413 4186 443 4255 ¹¹)
464 4187 585 4242 Summas
607 4188 765 4254 paginarum
787 4187 934 4238 seeundum
958 4185 1068 4254 Sanppii
1090 4186 1232 4238 aditionem
1255 4192 1430 4253 stomotypam

342 4274 440 4336 addidi.
1097 4289 1100 4296 ’
1300 4289 1304 4301 ·
