3270 4978
696 437 738 503 29

169 664 239 708 esse
260 663 324 708 non
345 649 461 728 potest,
485 662 558 706 eum
579 639 804 725 paronomasia
825 637 910 722 apud
924 636 1175 722 Xenophontem
1188 657 1260 720 per-

168 773 240 816 raro
261 751 397 834 legatur.
724 804 727 810 .

250 858 285 942 3)
309 859 426 943 Cyrop.
449 856 490 938 V,
518 858 548 940 4,
570 856 599 921 6.
642 852 737 937 VIII,
765 855 794 934 7,
822 855 893 918 24:
923 842 1064 935 ἀδελφοὶ
1093 842 1259 934 ἀδελφοῖς.

169 965 239 1030 Illic
260 965 456 1051 parechesim
477 965 543 1029 vim
565 962 756 1045 deterrendi,
778 963 830 1028 hic
851 963 918 1026 vim
940 960 1129 1026 conciliandi
1143 959 1262 1024 habere

170 1075 307 1159 scriptor
327 1075 466 1139 voluisse
487 1072 623 1137 videtur.

252 1183 285 1265 4)
308 1181 413 1246 Anab.
443 1179 488 1264 H,
519 1181 546 1262 1,
577 1181 614 1244 17
648 1179 847 1265 parecbesim
880 1189 949 1243 arte
980 1177 1158 1264 quaesitam
1192 1195 1262 1239 esse

170 1300 396 1374 argumentum
418 1300 466 1354 est
487 1290 613 1352 initium
634 1290 800 1373 proximae
820 1286 1015 1373 paragraphi
1037 1310 1045 1350 :
1076 1275 1095 1351 ὁ
1124 1284 1159 1349 δὲ
1180 1283 1263 1349 Κλέ-

170 1421 271 1484 αρχος
300 1401 407 1462 ταῦτα
436 1387 584 1482 ὑπήγετο
613 1389 819 1481 βουλόμενος
850 1396 906 1460 καὶ
938 1384 1044 1460 αὐτὸν
1076 1386 1138 1458 τὸν
1170 1384 1263 1475 παρὰ

169 1505 331 1587 βασιλέως
362 1499 591 1590 πρεσβεύοντα
623 1509 872 1589 συμβουλεῦσαι.
935 1507 1042 1569 ταῦτα
1083 1503 1166 1566 enim
1198 1521 1263 1564 non

172 1615 275 1679 solum
296 1613 337 1677 ad
359 1615 560 1696 sententiam,
592 1612 649 1678 sed
672 1612 830 1678 etiamad
852 1611 951 1677 verba
971 1609 1175 1676 referendum
1195 1629 1264 1673 esse

170 1721 249 1786 mihi
270 1720 407 1785 videtur.

253 1831 288 1912 5)
310 1829 417 1894 Anab.
439 1827 480 1910 V,
503 1829 580 1906 7,6
610 1827 812 1913 Xenophon,
849 1838 886 1891 ut
927 1827 1126 1891 demonstret
1167 1845 1264 1909 quam

170 1937 311 2002 absurda
332 1939 396 2001 sint
418 1939 551 2002 crimina
571 1937 836 2020 adversariorum,
860 1939 914 2022 qui
935 1958 971 2001 se
992 1936 1122 2000 Phasim
1144 1933 1263 1997 exerci-

171 2056 241 2110 tum
270 2046 422 2110 reducere
451 2046 534 2110 velle
563 2054 731 2128 accusent,
768 2044 926 2110 antitheto
956 2064 1027 2107 cum
1059 2041 1200 2106 chiasmo
1232 2050 1265 2104 et

170 2155 277 2239 pariso
298 2155 467 2218 coniuncto
487 2154 610 2218 utitur:
634 2150 724 2219 ἔστιν
747 2138 809 2218 οὖν
830 2143 920 2228 ὅστις
941 2155 1045 2216 τοῦτο
1068 2141 1110 2214 ἂν
1127 2142 1264 2214 δύναιτο

171 2251 256 2346 ὑμᾶς
277 2259 479 2347 ἐξαπατῆσαι
510 2250 555 2338 ὡς
582 2252 675 2346 ἣλιος
704 2257 805 2326 ἔνθεν
834 2260 896 2344 μὲν
924 2249 1067 2343 ἀνίσχει,
1093 2251 1208 2322 δύεται
1229 2255 1264 2322 δὲ

172 2367 338 2448 ἐνταῦθα,
368 2367 452 2435 ἔνθα
480 2369 516 2435 δὲ
544 2363 675 2449 δύεται,
704 2359 829 2454 ἀνίσχει
857 2370 885 2434 δ’
907 2367 1069 2435 ἐντεῦθεν
1076 2393 1088 2447 ‚·
1135 2365 1266 2444 Quanta

172 2477 277 2541 irrisio
301 2498 339 2541 ea
359 2477 463 2562 figura
484 2478 634 2544 efficitur!

255 2584 289 2669 6)
311 2585 437 2650 Hellen.
452 2585 515 2669 III,
530 2588 560 2670 5,
575 2587 687 2652 8-15.
729 2585 821 2651 Haec
843 2587 944 2650 oratio
966 2584 1078 2669 figuris
1101 2592 1133 2648 et
1150 2578 1264 2647 ornan-

172 2693 259 2757 tibus
281 2702 314 2758 et
328 2693 535 2758 incitantibus
550 2694 630 2759 adeo
644 2693 847 2778 abundat¹²),
869 2703 905 2758 ut
926 2693 1032 2758 lacere
1053 2714 1118 2756 non
1136 2691 1265 2776 possim,

173 2801 251 2885 quin
271 2799 522 2885 Xenophontem
548 2801 738 2885 Thebanos,
771 2823 834 2888 quo
866 2802 1018 2865 maiorem
1049 2801 1112 2864 vim
1140 2799 1267 2864 infirma

174 2929 283 2973 eorum
305 2918 496 2992 argumenta
516 2909 601 2995 apud
623 2910 838 2975 Athenienses
860 2907 1025 2991 haberent,
1047 2929 1113 2972 non
1126 2930 1177 2972 res
1192 2909 1265 2971 sim·

173 3015 299 3099 pliciter
319 3017 532 3102 explicantes,
562 3017 618 3082 sed
647 3017 789 3086 artificiis
819 3026 851 3081 et
880 3017 960 3082 dolis
990 3025 1152 3081 oratorum
1172 3037 1266 3081 aures

173 3123 370 3188 audientium
392 3127 554 3210 capientes
575 3126 690 3191 fecisse
712 3124 858 3207 credam3
881 3125 921 3189 cf.
937 3125 1092 3210 imprimis
1107 3123 1266 3188 antitheta

174 3232 265 3312 §lit

258 3341 291 3424 7)
313 3339 397 3404 Hell.
410 3339 467 3421 VI,
489 3342 518 3424 3,
540 3341 640 3425 4-63
663 3343 744 3407 7-9
766 3343 902 3427 scriptor
922 3363 1042 3426 magna
1063 3340 1204 3406 sollertia
1225 3339 1267 3404 ad

174 3447 305 3530 ingenia
326 3459 358 3512 et
380 3471 483 3514 mores
506 3458 668 3514 oratorum
689 3449 819 3534 figuras,
842 3449 956 3534 quibus
978 3458 1122 3532 utuntur,
1144 3469 1266 3512 accom-

175 3553 325 3619 modavit.
370 3555 490 3622 Calliae
511 3559 606 3638 enim,
635 3558 690 3642 qui
713 3551 783 3634 οἶος
802 3557 905 3644 μηδὲν
925 3541 1028 3643 ἦττον
1049 3548 1189 3641 ἣδεσθαι
1209 3547 1266 3638 ὑφ’

175 3650 280 3726 αὑτοῦ
294 3652 314 3723 i*
329 3651 385 3727 ὑπ’
400 3654 513 3728 ἄλλων
527 3658 767 3750 ἐπαινούμενος
788 3666 840 3746 §3
855 3665 979 3745 dicitur,
1002 3666 1065 3730 illa'
1077 3664 1266 3750 parechesis,

176 3768 216 3832 de
230 3790 294 3853 qua
310 3791 339 3854 p.
347 3770 387 3834 28
404 3770 480 3853 dixi,
504 3772 660 3837 attributa
675 3782 733 3856 est,
754 3795 806 3837 me
829 3773 958 3858 quidem
980 3774 1092 3854 iudice,
1115 3787 1268 3858 utquam

176 3876 264 3940 inani
296 3888 379 3942 esset
411 3880 517 3943 animo
550 3881 638 3943 inani
671 3881 842 3945 verborum
874 3903 953 3945 sono
987 3882 1266 3946 demonstraretur.

176 3983 259 4049 Toto
282 3987 368 4050 caelo
396 3985 522 4051 diversa
545 3987 689 4052 Autoclis
721 3991 821 4053 oratio
851 4000 919 4072 est,
952 3991 1007 4074 qui
1038 3982 1126 4074 μάλα
1156 3967 1277 4053 δοκοῦνΙ

247 4236 278 4304 ¹¹)
297 4240 408 4291 Duabus
431 4243 486 4292 sere
510 4243 613 4308 paginis
638 4243 789 4309 quindecim
814 4251 952 4309 ornantes,
975 4244 1098 4314 undecim
1124 4243 1267 4295 incitantes

178 4323 277 4392 figurae
296 4327 463 4379 exhibentur.
