3270 4978
871 406 892 470 6

780 493 943 502 -ι--ῥ
951 495 964 500 -

332 630 414 674 anae
434 629 516 694 quae
546 607 695 672 dicuntur
724 607 775 671 vel
806 615 986 670 ornantes:
1015 605 1194 671 antitheton
1224 607 1421 688 (chiasmus),

331 717 461 800 parison
484 717 711 800 (paromoeon,
743 714 919 797 isocolon)‚
951 714 1226 778 homoeoteleuton
1261 715 1422 796 (homoeo-

331 827 472 909 ptoton),
494 822 687 908 parochesis‚
716 825 956 907 paronomasia3
990 821 1105 888 deinde
1126 825 1322 886 concitantes
1340 844 1425 908 quae

332 931 482 998 dicuntur
504 955 511 996 :
534 931 699 1016 anaphora
720 929 960 1016 (antistrophe),
983 931 1177 1016 anadiplosis
1193 933 1422 1016 (polyptoton),

333 1039 525 1124 asyndeton,
541 1038 789 1125 polysyndeton,
806 1049 956 1122 erotema,
972 1038 1169 1124 hypophora,
1185 1039 1309 1104 elimax.
1341 1039 1418 1105 Con·

333 1148 469 1212 citantes
491 1157 598 1211 autem
627 1145 748 1229 figuras
778 1166 850 1210 cum
879 1148 911 1209 in
939 1147 1123 1211 narratione
1151 1158 1184 1211 et
1211 1146 1424 1232 descriptione

333 1255 495 1320 Anabasis
525 1253 810 1340 Oyropaediaeque
841 1255 967 1339 saepius
995 1254 1072 1318 mihi
1104 1257 1330 1336 occurrissent,
1360 1276 1423 1318 non

333 1362 436 1428 solum
458 1384 499 1427 ex
521 1361 728 1445 orationibus,
750 1361 806 1426 sed
830 1363 925 1426 ctiam
948 1384 986 1426 ex
1009 1362 1070 1425 illis
1093 1361 1237 1447 partibus
1259 1362 1422 1426 historico·

332 1492 403 1536 rum
424 1471 579 1535 librorum
600 1470 751 1553 colligere
781 1472 883 1534 visum
915 1480 972 1536 est.
1017 1469 1203 1554 Gorgianac
1232 1471 1348 1536 ibidem
1377 1472 1421 1536 in·

332 1580 505 1646 veniuntur
526 1578 599 1643 illae
621 1577 766 1664 quidem,
796 1576 851 1642 sed
875 1578 1068 1664 plerumque
1096 1581 1180 1644 casui
1201 1581 1308 1662 potius
1329 1600 1423 1665 quam

332 1687 395 1754 arti
426 1686 591 1770 scriptoris
631 1685 854 1750 attribuendae
893 1685 1045 1750 videntur
1055 1688 1091 1766 ⁷).
1149 1685 1188 1750 In
1227 1687 1423 1752 orationibus

332 1805 440 1861 autem
462 1795 628 1860 numeravi
643 1795 740 1859 etiam
756 1794 916 1858 orationes
932 1794 1077 1879 obliquas
1094 1805 1125 1859 ct
1141 1794 1293 1879 dialogos,
1314 1796 1423 1880 quales

333 1902 417 1968 Hell.
440 1901 467 1988 I,
491 1903 519 1984 1,
540 1902 598 1984 353
621 1901 650 1980 3,
672 1903 712 1984 33
735 1901 764 1983 5,
787 1902 816 1966 6.
839 1900 884 1984 11,
908 1903 935 1983 1,
956 1901 998 1966 25
1019 1912 1092 1966 cett.
1116 1903 1273 1986 leguntur.

312 2063 325 2094 .
416 2019 538 2086 Omnes
568 2018 688 2101 figuras
718 2019 850 2084 definire
880 2041 1153 2105 supervacaneum
1181 2031 1247 2102 est,
1284 2043 1355 2084 cum
1385 2021 1424 2085 de

332 2128 476 2213 plurimis
498 2148 562 2191 nou
594 2126 766 2191 dubitetur.
817 2127 882 2193 Sed
914 2128 953 2192 de
982 2129 1161 2213 parechesi,
1193 2131 1423 2212 paronomasia,

334 2236 466 2301 climace
498 2234 573 2320 quid
607 2235 742 2298 sentiam
774 2237 882 2320 paucis
913 2236 1081 2301 dicendum
1104 2247 1160 2301 est.
1211 2236 1255 2301 Et
1274 2237 1422 2321 pareehe·

334 2344 395 2407 sim
417 2343 545 2428 quidem
561 2365 631 2407 esse
647 2342 820 2427 ,Anhlang
836 2343 891 2408 des
907 2365 1032 2427 ganzen
1048 2343 1197 2409 Wortes“
1215 2367 1284 2409 cum
1302 2345 1424 2410 Blaesio

335 2451 390 2532 (A.
403 2449 440 2516 B.
462 2449 489 2534 Ι,
514 2451 587 2531 131)
612 2472 735 2534 censeo,
758 2473 832 2533 non,
854 2462 890 2515 ut
912 2452 1085 2537 Steinberg
1106 2452 1218 2528 (Bcitr.
1233 2453 1423 2536 nthrdig.

334 2558 364 2624 d.
388 2558 477 2624 thuk.
498 2558 578 2623 Red.
607 2580 713 2643 progr.
744 2558 829 2624 Berl.
855 2559 934 2624 1870
955 2581 985 2645 p.
1011 2561 1063 2644 13)
1091 2560 1218 2644 definit,
1252 2562 1424 2646 ,Anklang

334 2665 391 2736 dea
412 2665 554 2750 Wortcs,
577 2666 714 2732 welcher
734 2666 834 2732 durch
859 2666 1111 2752 Wiedcrholung
1133 2669 1298 2733 derselhen
1321 2669 1424 2734 Lautc

334 2775 378 2840 im
398 2773 538 2858 Anlaut,
566 2772 675 2839 Inlaut
707 2775 773 2840 und
805 2777 942 2840 Auslaut
972 2787 1103 2860 erneugt
1123 2776 1232 2841 wird.“
1276 2777 1425 2863 Exempli

335 2903 432 2950 causa
452 2881 551 2946 affero
573 2881 673 2946 Thuc.
695 2880 739 2961 II,
762 2883 812 2964 35,
837 2887 850 2946 l
876 2907 883 2948 :
906 2872 1037 2968 ἀνδρῶν
1058 2873 1200 2968 ἀγαθῶν
1228 2881 1313 2971 ἔργῳ
1334 2907 1424 2970 yero-

332 2989 453 3074 μένων,
475 3012 557 3076 quae
578 2989 678 3054 verba
699 2991 747 3054 illi
767 2990 957 3074 parecbesis,
980 2991 1057 3056 mihi
1082 2992 1331 3077 homoeoptoton
1355 3015 1424 3057 esse

335 3097 492 3164 videntur.
536 3097 690 3165 Eiusdem
712 3100 892 3164 sententiae
912 3100 1005 3164 faveo
1028 3102 1283 3185 paronomasiam
1304 3103 1351 3165 ita
1371 3101 1424 3166 de·

334 3206 475 3271 finientis
498 3206 532 3290 (l.
554 3206 574 3271 l.
597 3228 627 3291 p.
653 3206 714 3289 14),
738 3215 774 3270 ut
796 3228 865 3271 cam
887 3207 956 3271 fieri
980 3207 1080 3286 dicat,
1111 3208 1165 3271 ubi
1196 3209 1296 3273 verba
1316 3232 1424 3293 parem

335 3335 448 3386 sonum
470 3314 620 3398 habeant,
651 3316 831 3382 sententiae
863 3297 1029 3400 oppositae
1050 3319 1123 3381 sint.
1168 3316 1316 3382 Olimacis
1338 3318 1423 3383 deni·

336 3443 399 3508 que
421 3421 573 3502 definitio,
597 3443 693 3508 quam
715 3422 858 3487 rhetores
880 3425 1056 3508 proferunt,
1077 3423 1333 3509 Xenophonteac
1354 3447 1425 3509 gra-

335 3528 456 3595 dationi
486 3551 551 3593 non
584 3530 743 3593 convenit.
798 3530 982 3594 Alexander
1014 3533 1097 3594 enim
1129 3555 1164 3597 π.
1188 3551 1278 3617 σχημ.
1302 3531 1363 3615 ΙΠ,
1385 3534 1420 3598 31

336 3636 507 3723 (Spengel)
531 3637 695 3702 elimacem
716 3639 762 3701 ita
790 3636 929 3702 definit:
959 3643 1078 3724 κλίμαξ
1108 3639 1143 3706 δὲ
1171 3642 1312 3725 γίνεται,
1343 3633 1426 3708 ὅταν

405 3881 426 3949 ¹)
445 3885 567 3951 Exempli
586 3886 753 3937 causabere
770 3887 895 3939 tabellam
924 3889 1050 3952 exhibeo,
1078 3891 1261 3941 conferendam
1291 3906 1352 3942 cum
1379 3894 1424 3956 cis,

335 3973 404 4038 quaa
421 3972 491 4023 inira
509 3973 700 4025 demonstrabo.

434 4059 504 4110 Ball.
525 4061 546 4124 1,
567 4060 641 4110 1-5.
684 4063 714 4109 12
732 4076 792 4126 pag.
807 4060 984 4127 (Sauppianaa
1003 4063 1042 4113 ad.
1061 4065 1178 4128 starent)
1199 4068 1229 4115 16
1247 4065 1265 4114 f.
1284 4081 1338 4116 orn.

435 4162 520 4214 Ansb.
539 4164 552 4213 I
681 4161 773 4228 24’(,„
1196 4170 1229 4218 36
1283 4205 1295 4234 „

471 4302 483 4331 „
511 4307 515 4314 .
537 4265 587 4316 v11
684 4265 772 4332 nrt„
1197 4275 1226 4320 1r
1282 4308 1294 4335 „
